time,bid,bidSize,ask,askSize,buyMO,sellMO,buySellImb,orderImb
1900-01-01 00:00:00,7255.0,14392,7255.5,474703,21024,88248,-67224,-460311
1900-01-01 00:00:15,7251.0,412077,7251.5,665739,85790,229249,-143459,-253662
1900-01-01 00:00:30,7246.0,640,7246.5,684735,37898,794202,-756304,-684095
1900-01-01 00:00:45,7263.5,51137,7264.0,13058,354615,229044,125571,38079
1900-01-01 00:01:00,7262.5,78802,7263.0,1006739,316269,164057,152212,-927937
1900-01-01 00:01:15,7269.0,684600,7269.5,101442,493646,172823,320823,583158
1900-01-01 00:01:30,7270.5,665569,7271.0,5503,430802,25828,404974,660066
1900-01-01 00:01:45,7274.0,339577,7274.5,276033,109152,56347,52805,63544
1900-01-01 00:02:00,7275.5,748348,7276.0,89226,318704,19144,299560,659122
1900-01-01 00:02:15,7275.5,480707,7276.0,194925,90511,11082,79429,285782
1900-01-01 00:02:30,7276.0,1015808,7276.5,88547,41275,10215,31060,927261
1900-01-01 00:02:45,7276.0,1095482,7276.5,31543,55822,56168,-346,1063939
1900-01-01 00:03:00,7278.5,668,7279.0,423391,137767,164524,-26757,-422723
1900-01-01 00:03:15,7274.0,1012499,7274.5,12252,75421,90342,-14921,1000247
1900-01-01 00:03:30,7279.5,4991,7280.0,594921,171237,36173,135064,-589930
1900-01-01 00:03:45,7279.0,115588,7279.5,615827,92004,340038,-248034,-500239
1900-01-01 00:04:00,7279.0,1107509,7279.5,84560,74047,23891,50156,1022949
1900-01-01 00:04:15,7292.5,122350,7293.0,73010,295043,17316,277727,49340
1900-01-01 00:04:30,7288.0,31339,7288.5,120921,457234,363762,93472,-89582
1900-01-01 00:04:45,7283.5,883989,7284.0,731337,264508,66045,198463,152652
1900-01-01 00:05:00,7283.5,145386,7284.0,881753,34829,56669,-21840,-736367
1900-01-01 00:05:15,7282.5,178489,7283.0,692035,60604,33232,27372,-513546
1900-01-01 00:05:30,7280.0,122146,7280.5,882976,4460,257493,-253033,-760830
1900-01-01 00:05:45,7278.0,292729,7278.5,160147,89475,69428,20047,132582
1900-01-01 00:06:00,7278.0,193899,7278.5,411432,40131,13451,26680,-217533
1900-01-01 00:06:15,7278.0,309408,7278.5,318694,51783,2468,49315,-9286
1900-01-01 00:06:30,7278.0,128662,7278.5,965499,9567,100,9467,-836837
1900-01-01 00:06:45,7277.0,398122,7277.5,943545,11090,30826,-19736,-545423
1900-01-01 00:07:00,7277.0,358665,7277.5,336491,3882,91359,-87477,22174
1900-01-01 00:07:15,7278.5,157165,7279.0,36811,69746,19001,50745,120354
1900-01-01 00:07:30,7284.5,575416,7285.0,38254,66592,40508,26084,537162
1900-01-01 00:07:45,7284.5,181375,7285.0,490411,17273,22230,-4957,-309036
1900-01-01 00:08:00,7284.5,868803,7285.0,223744,53194,30968,22226,645059
1900-01-01 00:08:15,7285.5,462353,7286.0,10,44820,1000,43820,462343
1900-01-01 00:08:30,7291.0,153342,7291.5,726831,172061,78230,93831,-573489
1900-01-01 00:08:45,7285.0,30062,7285.5,264269,61399,211106,-149707,-234207
1900-01-01 00:09:00,7285.0,187521,7285.5,413397,17557,51187,-33630,-225876
1900-01-01 00:09:15,7286.5,529501,7287.0,14067,84880,2332,82548,515434
1900-01-01 00:09:30,7290.0,705969,7290.5,203,67160,91610,-24450,705766
1900-01-01 00:09:45,7293.5,460409,7294.0,96804,107676,29716,77960,363605
1900-01-01 00:10:00,7296.5,434826,7297.0,63788,231187,67011,164176,371038
1900-01-01 00:10:15,7296.5,31120,7297.0,397569,226008,149711,76297,-366449
1900-01-01 00:10:30,7291.0,468669,7291.5,58891,11124,21314,-10190,409778
1900-01-01 00:10:45,7291.0,607046,7291.5,675,89956,13263,76693,606371
1900-01-01 00:11:00,7291.5,148242,7292.0,601961,24642,47093,-22451,-453719
1900-01-01 00:11:15,7291.5,412139,7292.0,172069,16450,12818,3632,240070
1900-01-01 00:11:30,7291.5,587348,7292.0,222122,14853,5100,9753,365226
1900-01-01 00:11:45,7291.5,374167,7292.0,77777,174119,112600,61519,296390
1900-01-01 00:12:00,7291.5,125280,7292.0,701186,12,25191,-25179,-575906
1900-01-01 00:12:15,7289.5,277905,7290.0,887514,2663,41575,-38912,-609609
1900-01-01 00:12:30,7289.5,166391,7290.0,608988,458,64053,-63595,-442597
1900-01-01 00:12:45,7286.0,407931,7286.5,202195,64424,140573,-76149,205736
1900-01-01 00:13:00,7286.0,507863,7286.5,260340,17538,47179,-29641,247523
1900-01-01 00:13:15,7286.0,469268,7286.5,238894,23775,47179,-23404,230374
1900-01-01 00:13:30,7286.0,64517,7286.5,687777,3591,4006,-415,-623260
1900-01-01 00:13:45,7285.0,22476,7285.5,880496,508,34535,-34027,-858020
1900-01-01 00:14:00,7285.0,670548,7285.5,729201,210,97923,-97713,-58653
1900-01-01 00:14:15,7285.0,930053,7285.5,274706,32804,20400,12404,655347
1900-01-01 00:14:30,7285.0,1043615,7285.5,261883,11803,20400,-8597,781732
1900-01-01 00:14:45,7285.0,847551,7285.5,505480,168981,2,168979,342071
1900-01-01 00:15:00,7285.0,748312,7285.5,799347,9503,14864,-5361,-51035
1900-01-01 00:15:15,7285.0,695634,7285.5,779816,13094,20000,-6906,-84182
1900-01-01 00:15:30,7285.0,784661,7285.5,386014,9501,560,8941,398647
1900-01-01 00:15:45,7285.0,890675,7285.5,317739,22926,6150,16776,572936
1900-01-01 00:16:00,7285.0,1323824,7285.5,87673,24394,6150,18244,1236151
1900-01-01 00:16:15,7285.5,914046,7286.0,37518,45441,6150,39291,876528
1900-01-01 00:16:30,7287.0,717341,7287.5,33608,95973,6150,89823,683733
1900-01-01 00:16:45,7287.0,370720,7287.5,136050,20015,8366,11649,234670
1900-01-01 00:17:00,7287.0,94007,7287.5,687740,13625,2200,11425,-593733
1900-01-01 00:17:15,7287.0,171357,7287.5,747349,4,4097,-4093,-575992
1900-01-01 00:17:30,7287.0,375782,7287.5,444150,6200,20351,-14151,-68368
1900-01-01 00:17:45,7287.0,156262,7287.5,807066,15004,14000,1004,-650804
1900-01-01 00:18:00,7286.5,105635,7287.0,1081214,77,25484,-25407,-975579
1900-01-01 00:18:15,7285.5,6257,7286.0,193859,2,52985,-52983,-187602
1900-01-01 00:18:30,7285.0,150137,7285.5,1486673,11435,1296824,-1285389,-1336536
1900-01-01 00:18:45,7275.0,463795,7275.5,216990,2258,233784,-231526,246805
1900-01-01 00:19:00,7276.5,707932,7277.0,132081,34061,18441,15620,575851
1900-01-01 00:19:15,7276.5,1146693,7277.0,27999,81557,147008,-65451,1118694
1900-01-01 00:19:30,7276.5,219144,7277.0,350897,31909,101638,-69729,-131753
1900-01-01 00:19:45,7276.5,216888,7277.0,484934,1828,28347,-26519,-268046
1900-01-01 00:20:00,7276.5,163531,7277.0,748612,1828,28683,-26855,-585081
1900-01-01 00:20:15,7277.0,18322,7277.5,645339,84920,35456,49464,-627017
1900-01-01 00:20:30,7275.0,730309,7275.5,194,6044,106820,-100776,730115
1900-01-01 00:20:45,7277.5,463525,7278.0,1228,15717,52678,-36961,462297
1900-01-01 00:21:00,7278.5,333387,7279.0,3031,14080,132,13948,330356
1900-01-01 00:21:15,7279.0,365633,7279.5,890,44037,8000,36037,364743
1900-01-01 00:21:30,7280.0,138493,7280.5,432967,14948,22991,-8043,-294474
1900-01-01 00:21:45,7282.0,168934,7282.5,964190,46303,68,46235,-795256
1900-01-01 00:22:00,7282.0,13129,7282.5,1094206,16300,9934,6366,-1081077
1900-01-01 00:22:15,7280.0,3641,7280.5,984034,12002,60372,-48370,-980393
1900-01-01 00:22:30,7277.0,20026,7277.5,412261,1000,58943,-57943,-392235
1900-01-01 00:22:45,7276.5,434439,7277.0,236396,5002,132758,-127756,198043
1900-01-01 00:23:00,7277.0,895895,7277.5,6998,56872,2979,53893,888897
1900-01-01 00:23:15,7277.5,319026,7278.0,46313,6868,2238,4630,272713
1900-01-01 00:23:30,7279.5,435736,7280.0,9034,33830,1942,31888,426702
1900-01-01 00:23:45,7283.0,251194,7283.5,37691,9361,3756,5605,213503
1900-01-01 00:24:00,7283.0,566138,7283.5,7976,45451,6176,39275,558162
1900-01-01 00:24:15,7283.5,659756,7284.0,146889,38132,6176,31956,512867
1900-01-01 00:24:30,7283.5,56806,7284.0,739426,10152,18852,-8700,-682620
1900-01-01 00:24:45,7281.5,119241,7282.0,183653,1010,33080,-32070,-64412
1900-01-01 00:25:00,7281.0,1436,7281.5,540919,505,3773,-3268,-539483
1900-01-01 00:25:15,7281.0,15173,7281.5,590695,8010,1312,6698,-575522
1900-01-01 00:25:30,7281.0,12727,7281.5,599914,10,58196,-58186,-587187
1900-01-01 00:25:45,7279.0,356936,7279.5,129807,10010,23050,-13040,227129
1900-01-01 00:26:00,7279.0,484443,7279.5,138053,1558,144,1414,346390
1900-01-01 00:26:15,7279.0,237041,7279.5,176706,20000,7312,12688,60335
1900-01-01 00:26:30,7279.0,792686,7279.5,27977,19103,49617,-30514,764709
1900-01-01 00:26:45,7279.0,460462,7279.5,22450,11022,52254,-41232,438012
1900-01-01 00:27:00,7279.5,104704,7280.0,634,40038,1007,39031,104070
1900-01-01 00:27:15,7282.5,673610,7283.0,34228,14589,5,14584,639382
1900-01-01 00:27:30,7283.0,710001,7283.5,191103,125196,9310,115886,518898
1900-01-01 00:27:45,7283.0,723712,7283.5,169571,87224,1200,86024,554141
1900-01-01 00:28:00,7283.5,1550649,7284.0,265290,43612,8,43604,1285359
1900-01-01 00:28:15,7285.5,510243,7286.0,6032,67573,8,67565,504211
1900-01-01 00:28:30,7295.5,385426,7296.0,403842,97747,1930,95817,-18416
1900-01-01 00:28:45,7294.5,3867,7295.0,969118,88046,40515,47531,-965251
1900-01-01 00:29:00,7295.5,424657,7296.0,91809,239874,55556,184318,332848
1900-01-01 00:29:15,7297.0,499693,7297.5,506528,593983,47290,546693,-6835
1900-01-01 00:29:30,7299.0,430549,7299.5,167873,209762,76002,133760,262676
1900-01-01 00:29:45,7299.0,354158,7299.5,401374,11470,16660,-5190,-47216
1900-01-01 00:30:00,7299.0,258870,7299.5,788884,11916,39479,-27563,-530014
1900-01-01 00:30:15,7298.5,3335,7299.0,615066,65706,101812,-36106,-611731
1900-01-01 00:30:30,7296.5,385236,7297.0,311171,14900,22997,-8097,74065
1900-01-01 00:30:45,7296.5,209472,7297.0,164401,145424,149868,-4444,45071
1900-01-01 00:31:00,7296.5,613699,7297.0,169223,57636,65945,-8309,444476
1900-01-01 00:31:15,7296.5,581052,7297.0,111430,32132,16000,16132,469622
1900-01-01 00:31:30,7296.5,1040664,7297.0,34998,52665,13852,38813,1005666
1900-01-01 00:31:45,7297.0,984793,7297.5,52287,56286,54281,2005,932506
1900-01-01 00:32:00,7297.0,1179064,7297.5,12147,128294,105230,23064,1166917
1900-01-01 00:32:15,7299.0,357898,7299.5,383584,209805,14330,195475,-25686
1900-01-01 00:32:30,7299.0,756334,7299.5,214655,12932,47455,-34523,541679
1900-01-01 00:32:45,7302.5,486532,7303.0,372790,130852,6884,123968,113742
1900-01-01 00:33:00,7304.0,367622,7304.5,505422,16744,14630,2114,-137800
1900-01-01 00:33:15,7304.0,237989,7304.5,592953,17660,83364,-65704,-354964
1900-01-01 00:33:30,7304.0,31509,7304.5,906441,3280,54187,-50907,-874932
1900-01-01 00:33:45,7302.0,103467,7302.5,499741,5530,66610,-61080,-396274
1900-01-01 00:34:00,7302.0,70488,7302.5,540403,8726,39211,-30485,-469915
1900-01-01 00:34:15,7302.0,2010,7302.5,600513,7090,59138,-52048,-598503
1900-01-01 00:34:30,7300.0,706609,7300.5,700637,11022,60641,-49619,5972
1900-01-01 00:34:45,7300.0,1054883,7300.5,116214,48,414964,-414916,938669
1900-01-01 00:35:00,7306.0,704842,7306.5,45032,62544,25472,37072,659810
1900-01-01 00:35:15,7307.5,1000447,7308.0,56085,33239,37133,-3894,944362
1900-01-01 00:35:30,7309.0,1255751,7309.5,239647,23441,300,23141,1016104
1900-01-01 00:35:45,7309.0,1065657,7309.5,616896,38056,1512,36544,448761
1900-01-01 00:36:00,7309.0,1031925,7309.5,691918,14188,36537,-22349,340007
1900-01-01 00:36:15,7309.0,344763,7309.5,748904,50114,52603,-2489,-404141
1900-01-01 00:36:30,7304.5,24149,7305.0,753002,50114,141340,-91226,-728853
1900-01-01 00:36:45,7303.0,64,7303.5,936271,9452,13665,-4213,-936207
1900-01-01 00:37:00,7300.0,359068,7300.5,609041,42396,166850,-124454,-249973
1900-01-01 00:37:15,7297.0,44618,7297.5,628379,34084,157018,-122934,-583761
1900-01-01 00:37:30,7293.0,55828,7293.5,630884,20470,221555,-201085,-575056
1900-01-01 00:37:45,7292.0,594443,7292.5,124143,22001,215697,-193696,470300
1900-01-01 00:38:00,7293.5,243122,7294.0,259250,107507,60278,47229,-16128
1900-01-01 00:38:15,7294.5,436279,7295.0,5840,72829,4130,68699,430439
1900-01-01 00:38:30,7296.0,108972,7296.5,336168,14963,17576,-2613,-227196
1900-01-01 00:38:45,7296.0,248568,7296.5,505266,1500,8762,-7262,-256698
1900-01-01 00:39:00,7296.0,490702,7296.5,165747,10578,5295,5283,324955
1900-01-01 00:39:15,7290.5,104806,7291.0,728208,11984,230801,-218817,-623402
1900-01-01 00:39:30,7281.5,472885,7282.0,814318,8461,76666,-68205,-341433
1900-01-01 00:39:45,7283.5,682642,7284.0,1147,213557,142458,71099,681495
1900-01-01 00:40:00,7286.0,171723,7286.5,193306,38395,21190,17205,-21583
1900-01-01 00:40:15,7286.0,1042845,7286.5,91129,22440,4042,18398,951716
1900-01-01 00:40:30,7287.5,97112,7288.0,483251,40308,442,39866,-386139
1900-01-01 00:40:45,7285.0,26506,7285.5,643521,2,32143,-32141,-617015
1900-01-01 00:41:00,7285.0,10273,7285.5,928724,2,6464,-6462,-918451
1900-01-01 00:41:15,7284.5,44118,7285.0,1119292,100,7999,-7899,-1075174
1900-01-01 00:41:30,7284.0,52750,7284.5,843021,48000,18083,29917,-790271
1900-01-01 00:41:45,7284.0,161607,7284.5,493855,8410,36803,-28393,-332248
1900-01-01 00:42:00,7284.0,557447,7284.5,194740,25012,22244,2768,362707
1900-01-01 00:42:15,7284.0,500546,7284.5,349724,13678,23198,-9520,150822
1900-01-01 00:42:30,7284.0,676607,7284.5,224845,3010,41,2969,451762
1900-01-01 00:42:45,7284.0,651339,7284.5,256291,3000,24076,-21076,395048
1900-01-01 00:43:00,7284.0,816703,7284.5,109379,183142,4586,178556,707324
1900-01-01 00:43:15,7284.0,774638,7284.5,64819,6100,9996,-3896,709819
1900-01-01 00:43:30,7284.0,447183,7284.5,457103,8000,12493,-4493,-9920
1900-01-01 00:43:45,7282.0,114227,7282.5,587888,200,22994,-22794,-473661
1900-01-01 00:44:00,7281.0,6538,7281.5,641394,2,39165,-39163,-634856
1900-01-01 00:44:15,7279.0,1000625,7279.5,38131,7831,82077,-74246,962494
1900-01-01 00:44:30,7282.0,697421,7282.5,70435,221544,666142,-444598,626986
1900-01-01 00:44:45,7282.0,886299,7282.5,6124,34879,9276,25603,880175
1900-01-01 00:45:00,7281.5,133656,7282.0,180357,35053,98886,-63833,-46701
1900-01-01 00:45:15,7283.0,645603,7283.5,273,53992,23260,30732,645330
1900-01-01 00:45:30,7283.5,249943,7284.0,35329,10450,17684,-7234,214614
1900-01-01 00:45:45,7284.0,140663,7284.5,9070,43930,100,43830,131593
1900-01-01 00:46:00,7284.5,685416,7285.0,274846,15810,1034,14776,410570
1900-01-01 00:46:15,7284.5,986764,7285.0,202972,68193,32,68161,783792
1900-01-01 00:46:30,7284.5,913407,7285.0,128974,94371,828,93543,784433
1900-01-01 00:46:45,7287.0,633239,7287.5,33057,131826,4,131822,600182
1900-01-01 00:47:00,7287.5,205188,7288.0,376524,27953,5025,22928,-171336
1900-01-01 00:47:15,7288.5,308725,7289.0,30378,233674,4014,229660,278347
1900-01-01 00:47:30,7288.5,443737,7289.0,48920,2709,4014,-1305,394817
1900-01-01 00:47:45,7288.5,516637,7289.0,62950,9000,20316,-11316,453687
1900-01-01 00:48:00,7288.5,382391,7289.0,55746,16658,5014,11644,326645
1900-01-01 00:48:15,7290.5,823456,7291.0,14686,82815,5014,77801,808770
1900-01-01 00:48:30,7291.5,60907,7292.0,404497,11264,120,11144,-343590
1900-01-01 00:48:45,7292.0,360428,7292.5,14511,6382,13772,-7390,345917
1900-01-01 00:49:00,7292.5,249570,7293.0,19911,17791,4101,13690,229659
1900-01-01 00:49:15,7294.0,462565,7294.5,1254,15256,110,15146,461311
1900-01-01 00:49:30,7295.0,771234,7295.5,33104,90750,330,90420,738130
1900-01-01 00:49:45,7297.5,172280,7298.0,559814,22454,18400,4054,-387534
1900-01-01 00:50:00,7298.5,1234398,7299.0,899,35646,290,35356,1233499
1900-01-01 00:50:15,7304.0,9,7304.5,786249,155882,32795,123087,-786240
1900-01-01 00:50:30,7302.5,160924,7303.0,252000,26806,15960,10846,-91076
1900-01-01 00:50:45,7302.5,230885,7303.0,335272,11653,102390,-90737,-104387
1900-01-01 00:51:00,7302.5,83508,7303.0,622863,2428,31703,-29275,-539355
1900-01-01 00:51:15,7302.5,39159,7303.0,832949,6402,34006,-27604,-793790
1900-01-01 00:51:30,7299.5,74499,7300.0,624599,1269,25160,-23891,-550100
1900-01-01 00:51:45,7299.5,25139,7300.0,648416,56,18856,-18800,-623277
1900-01-01 00:52:00,7297.5,151170,7298.0,559589,3115,52140,-49025,-408419
1900-01-01 00:52:15,7297.5,159638,7298.0,537624,25864,11950,13914,-377986
1900-01-01 00:52:30,7297.5,85077,7298.0,708582,41,9300,-9259,-623505
1900-01-01 00:52:45,7297.0,60199,7297.5,613658,24588,13424,11164,-553459
1900-01-01 00:53:00,7293.5,5120,7294.0,482434,30326,170228,-139902,-477314
1900-01-01 00:53:15,7292.5,438858,7293.0,207757,7805,117650,-109845,231101
1900-01-01 00:53:30,7292.5,33903,7293.0,675068,5216,25200,-19984,-641165
1900-01-01 00:53:45,7292.5,27593,7293.0,652795,3359,2031,1328,-625202
1900-01-01 00:54:00,7292.5,550010,7293.0,64808,35158,1908,33250,485202
1900-01-01 00:54:15,7292.5,457387,7293.0,482640,3279,15512,-12233,-25253
1900-01-01 00:54:30,7292.5,890995,7293.0,82634,11163,11200,-37,808361
1900-01-01 00:54:45,7293.0,2910964,7293.5,6215,14888,47,14841,2904749
1900-01-01 00:55:00,7297.0,2420304,7297.5,149477,32652,2,32650,2270827
1900-01-01 00:55:15,7303.0,1927188,7303.5,74294,116297,2674,113623,1852894
1900-01-01 00:55:30,7306.0,890909,7306.5,1023207,231212,2519,228693,-132298
1900-01-01 00:55:45,7306.0,666693,7306.5,778711,201118,54664,146454,-112018
1900-01-01 00:56:00,7306.0,979852,7306.5,911264,5200,50037,-44837,68588
1900-01-01 00:56:15,7306.0,803007,7306.5,1067237,110,21930,-21820,-264230
1900-01-01 00:56:30,7306.0,801239,7306.5,1096089,4256,40941,-36685,-294850
1900-01-01 00:56:45,7306.0,937073,7306.5,1221072,6092,3895,2197,-283999
1900-01-01 00:57:00,7306.0,815179,7306.5,1278464,6092,22526,-16434,-463285
1900-01-01 00:57:15,7306.0,742195,7306.5,1103961,49642,199705,-150063,-361766
1900-01-01 00:57:30,7306.0,694367,7306.5,1089492,10078,44125,-34047,-395125
1900-01-01 00:57:45,7300.5,3568,7301.0,571961,1072,95471,-94399,-568393
1900-01-01 00:58:00,7299.0,406101,7299.5,277309,700,35923,-35223,128792
1900-01-01 00:58:15,7299.0,602193,7299.5,372080,6066,12914,-6848,230113
1900-01-01 00:58:30,7299.0,676055,7299.5,378935,660,5300,-4640,297120
1900-01-01 00:58:45,7299.0,100541,7299.5,672002,3066,10376,-7310,-571461
1900-01-01 00:59:00,7299.0,87781,7299.5,759034,3066,25944,-22878,-671253
1900-01-01 00:59:15,7295.0,123946,7295.5,539181,3052,138788,-135736,-415235
1900-01-01 00:59:30,7295.0,5373,7295.5,766009,48,25711,-25663,-760636
1900-01-01 00:59:45,7293.5,359459,7294.0,319494,450,9795,-9345,39965
1900-01-01 01:00:00,7293.5,690064,7294.0,254911,3943,1135,2808,435153
1900-01-01 01:00:15,7293.5,764535,7294.0,172349,28408,13940,14468,592186
1900-01-01 01:00:30,7299.5,888969,7300.0,59471,73685,13940,59745,829498
1900-01-01 01:00:45,7302.0,213752,7302.5,733659,62416,10002,52414,-519907
1900-01-01 01:01:00,7302.0,927074,7302.5,246262,12088,9654,2434,680812
1900-01-01 01:01:15,7302.0,1354793,7302.5,53036,85432,34680,50752,1301757
1900-01-01 01:01:30,7303.5,1148311,7304.0,2808,52771,7100,45671,1145503
1900-01-01 01:01:45,7305.5,1422730,7306.0,10174,44661,420,44241,1412556
1900-01-01 01:02:00,7310.0,2312193,7310.5,2796,213552,610,212942,2309397
1900-01-01 01:02:15,7314.0,1423004,7314.5,31124,254164,1298,252866,1391880
1900-01-01 01:02:30,7314.5,1230904,7315.0,1855563,158700,50796,107904,-624659
1900-01-01 01:02:45,7316.5,1424166,7317.0,17973,2478909,45172,2433737,1406193
1900-01-01 01:03:00,7316.5,1361043,7317.0,87165,190544,22000,168544,1273878
1900-01-01 01:03:15,7318.5,100297,7319.0,350286,239548,39855,199693,-249989
1900-01-01 01:03:30,7318.5,891603,7319.0,402251,79397,29614,49783,489352
1900-01-01 01:03:45,7318.5,312592,7319.0,504911,101816,115537,-13721,-192319
1900-01-01 01:04:00,7318.5,293057,7319.0,767457,8603,50304,-41701,-474400
1900-01-01 01:04:15,7318.5,272235,7319.0,681091,22654,99627,-76973,-408856
1900-01-01 01:04:30,7318.5,228371,7319.0,717014,402241,95481,306760,-488643
1900-01-01 01:04:45,7318.5,11957,7319.0,1425332,120782,220649,-99867,-1413375
1900-01-01 01:05:00,7316.0,49,7316.5,1476100,33874,251393,-217519,-1476051
1900-01-01 01:05:15,7314.0,11038,7314.5,1362880,464,39363,-38899,-1351842
1900-01-01 01:05:30,7312.5,23666,7313.0,1076007,10247,60108,-49861,-1052341
1900-01-01 01:05:45,7311.5,8208,7312.0,948358,10428,65817,-55389,-940150
1900-01-01 01:06:00,7311.5,461424,7312.0,888933,14022,30340,-16318,-427509
1900-01-01 01:06:15,7311.5,1045100,7312.0,213612,21784,98801,-77017,831488
1900-01-01 01:06:30,7317.5,517775,7318.0,266154,120396,8002,112394,251621
1900-01-01 01:06:45,7325.0,343871,7325.5,527497,149299,114680,34619,-183626
1900-01-01 01:07:00,7329.0,1116755,7329.5,83208,411578,108519,303059,1033547
1900-01-01 01:07:15,7332.0,1433030,7332.5,4407,669545,53018,616527,1428623
1900-01-01 01:07:30,7338.5,485484,7339.0,692290,365810,65439,300371,-206806
1900-01-01 01:07:45,7334.0,538635,7334.5,127152,125353,458733,-333380,411483
1900-01-01 01:08:00,7334.0,346633,7334.5,359123,62696,399908,-337212,-12490
1900-01-01 01:08:15,7346.5,83833,7347.0,1078909,1051940,246789,805151,-995076
1900-01-01 01:08:30,7365.0,120516,7369.5,2341,2684804,414740,2270064,118175
1900-01-01 01:08:45,7354.5,22058,7355.0,258,854268,477665,376603,21800
1900-01-01 01:09:00,7366.0,9707,7366.5,57366,517149,590117,-72968,-47659
1900-01-01 01:09:15,7364.0,616908,7364.5,80312,278844,198008,80836,536596
1900-01-01 01:09:30,7369.5,81191,7370.0,1445331,630506,178272,452234,-1364140
1900-01-01 01:09:45,7374.5,314799,7375.0,136846,1329649,355787,973862,177953
1900-01-01 01:10:00,7378.5,262842,7379.0,196044,928129,70222,857907,66798
1900-01-01 01:10:15,7386.0,103750,7386.5,40393,768706,213003,555703,63357
1900-01-01 01:10:30,7383.0,588793,7383.5,26181,689923,936009,-246086,562612
1900-01-01 01:10:45,7390.5,71383,7391.0,38940,495154,497919,-2765,32443
1900-01-01 01:11:00,7390.0,135958,7390.5,950104,239392,3137037,-2897645,-814146
1900-01-01 01:11:15,7385.0,848078,7385.5,186798,408172,978464,-570292,661280
1900-01-01 01:11:30,7384.5,39456,7385.0,297772,91574,415155,-323581,-258316
1900-01-01 01:11:45,7385.5,26417,7386.0,12042,129262,128432,830,14375
1900-01-01 01:12:00,7395.5,16895,7396.5,1600,171912,2437923,-2266011,15295
1900-01-01 01:12:15,7395.0,152273,7395.5,557250,397027,1602792,-1205765,-404977
1900-01-01 01:12:30,7398.5,641705,7399.0,220606,1237114,500974,736140,421099
1900-01-01 01:12:45,7399.5,1157298,7400.0,391337,1611249,241760,1369489,765961
1900-01-01 01:13:00,7395.5,231177,7396.0,237202,243249,143913,99336,-6025
1900-01-01 01:13:15,7395.0,525070,7395.5,563195,40399,1542557,-1502158,-38125
1900-01-01 01:13:30,7398.0,261378,7398.5,331162,212885,1368347,-1155462,-69784
1900-01-01 01:13:45,7398.5,1023529,7399.0,13581,142524,935773,-793249,1009948
1900-01-01 01:14:00,7418.5,16403,7419.0,36000,1828849,274374,1554475,-19597
1900-01-01 01:14:15,7421.5,4535,7428.5,164914,4469844,1143681,3326163,-160379
1900-01-01 01:14:30,7429.5,309965,7430.0,120211,495185,577029,-81844,189754
1900-01-01 01:14:45,7440.0,313330,7440.5,210693,361973,2328289,-1966316,102637
1900-01-01 01:15:00,7449.5,198023,7450.0,718470,1551241,259114,1292127,-520447
1900-01-01 01:15:15,7448.5,127273,7449.0,270080,398009,340375,57634,-142807
1900-01-01 01:15:30,7446.0,503941,7446.5,51731,1377039,746199,630840,452210
1900-01-01 01:15:45,7455.0,999794,7455.5,133646,813780,178558,635222,866148
1900-01-01 01:16:00,7461.5,651663,7462.0,2231,950809,132145,818664,649432
1900-01-01 01:16:15,7459.0,21935,7459.5,209508,636645,924222,-287577,-187573
1900-01-01 01:16:30,7455.0,36484,7456.5,39956,422900,1568310,-1145410,-3472
1900-01-01 01:16:45,7440.0,366221,7440.5,62933,196914,1795386,-1598472,303288
1900-01-01 01:17:00,7428.0,39312,7428.5,115635,58425,1577654,-1519229,-76323
1900-01-01 01:17:15,7436.0,58500,7436.5,10376,407149,1197187,-790038,48124
1900-01-01 01:17:30,7444.0,33943,7444.5,16000,448495,742555,-294060,17943
1900-01-01 01:17:45,7454.5,283184,7455.0,430912,648230,198574,449656,-147728
1900-01-01 01:18:00,7473.5,867418,7474.0,1316597,763502,372717,390785,-449179
1900-01-01 01:18:15,7496.0,29472,7499.0,951642,4652108,355778,4296330,-922170
1900-01-01 01:18:30,7511.5,34539,7514.0,74332,4911777,439847,4471930,-39793
1900-01-01 01:18:45,7512.5,34678,7513.0,76770,4544738,836626,3708112,-42092
1900-01-01 01:19:00,7499.0,13839,7499.5,11454,1228019,1503383,-275364,2385
1900-01-01 01:19:15,7489.5,1199281,7490.0,8029,3033449,984285,2049164,1191252
1900-01-01 01:19:30,7493.5,33862,7494.0,295634,973315,1109358,-136043,-261772
1900-01-01 01:19:45,7508.0,81899,7508.5,16739,1218701,624898,593803,65160
1900-01-01 01:20:00,7521.0,4521,7521.5,20000,1225141,460688,764453,-15479
1900-01-01 01:20:15,7554.5,3832,7555.5,3000,5748759,620413,5128346,832
1900-01-01 01:20:30,7550.0,46188,7550.5,10000,1131258,1187672,-56414,36188
1900-01-01 01:20:45,7550.0,147349,7550.5,259,428338,3807298,-3378960,147090
1900-01-01 01:21:00,7547.0,16390,7547.5,19577,333062,1232016,-898954,-3187
1900-01-01 01:21:15,7555.5,147375,7560.0,172048,1723936,582709,1141227,-24673
1900-01-01 01:21:30,7569.5,600,7571.0,79034,1120685,343770,776915,-78434
1900-01-01 01:21:45,7578.0,10000,7578.5,2000,1791236,482533,1308703,8000
1900-01-01 01:22:00,7572.0,315631,7572.5,231465,1241692,929043,312649,84166
1900-01-01 01:22:15,7559.5,173565,7560.0,81576,481145,1285573,-804428,91989
1900-01-01 01:22:30,7553.0,185009,7553.5,124813,673340,1117653,-444313,60196
1900-01-01 01:22:45,7549.5,180173,7550.0,48151,1067134,786205,280929,132022
1900-01-01 01:23:00,7559.5,428157,7560.0,46881,469470,404927,64543,381276
1900-01-01 01:23:15,7572.5,109361,7573.0,216035,2118398,314131,1804267,-106674
1900-01-01 01:23:30,7560.5,235150,7561.0,364956,751224,541816,209408,-129806
1900-01-01 01:23:45,7550.5,446591,7551.0,112313,550632,1061223,-510591,334278
1900-01-01 01:24:00,7550.0,416884,7550.5,85825,236663,573230,-336567,331059
1900-01-01 01:24:15,7540.5,2546,7541.0,312021,245226,1690469,-1445243,-309475
1900-01-01 01:24:30,7530.0,118623,7530.5,278547,93172,2802739,-2709567,-159924
1900-01-01 01:24:45,7520.0,57563,7520.5,19573,451544,1601441,-1149897,37990
1900-01-01 01:25:00,7520.0,111714,7520.5,39330,497711,3569113,-3071402,72384
1900-01-01 01:25:15,7528.0,483953,7528.5,168355,604199,1385231,-781032,315598
1900-01-01 01:25:30,7536.5,112940,7537.5,36084,935360,612336,323024,76856
1900-01-01 01:25:45,7536.0,241310,7536.5,164748,443462,247824,195638,76562
1900-01-01 01:26:00,7531.0,24988,7531.5,372759,242038,548830,-306792,-347771
1900-01-01 01:26:15,7533.5,149800,7534.0,58,687940,622816,65124,149742
1900-01-01 01:26:30,7542.5,156868,7543.0,392732,419284,574509,-155225,-235864
1900-01-01 01:26:45,7528.5,624298,7529.0,99654,303267,275619,27648,524644
1900-01-01 01:27:00,7530.5,4129,7531.0,84393,222954,403386,-180432,-80264
1900-01-01 01:27:15,7557.0,221171,7557.5,683,245558,460070,-214512,220488
1900-01-01 01:27:30,7548.5,12304,7549.0,117213,459147,764417,-305270,-104909
1900-01-01 01:27:45,7555.0,86172,7555.5,83860,330293,614902,-284609,2312
1900-01-01 01:28:00,7554.0,1473,7554.5,239850,561635,425967,135668,-238377
1900-01-01 01:28:15,7545.5,811164,7546.0,352484,248774,498953,-250179,458680
1900-01-01 01:28:30,7553.5,227403,7554.0,147363,765802,310443,455359,80040
1900-01-01 01:28:45,7550.0,93037,7550.5,8000,500312,413616,86696,85037
1900-01-01 01:29:00,7546.0,339295,7546.5,127351,563178,291528,271650,211944
1900-01-01 01:29:15,7549.5,43000,7550.0,16027,982599,226358,756241,26973
1900-01-01 01:29:30,7563.0,146332,7563.5,265877,1295170,142847,1152323,-119545
1900-01-01 01:29:45,7569.5,1863187,7570.0,23422,833154,502613,330541,1839765
1900-01-01 01:30:00,7577.0,108265,7577.5,17525,3835691,40444,3795247,90740
1900-01-01 01:30:15,7592.0,6218,7598.0,460808,3522850,382612,3140238,-454590
1900-01-01 01:30:30,7599.5,58504,7600.0,215927,2764815,829099,1935716,-157423
1900-01-01 01:30:45,7615.5,83066,7616.0,36152,4724577,238792,4485785,46914
1900-01-01 01:31:00,7600.0,514018,7600.5,14193,2106162,1096293,1009869,499825
1900-01-01 01:31:15,7588.0,29153,7588.5,482791,486437,1445203,-958766,-453638
1900-01-01 01:31:30,7589.0,27998,7589.5,3796,396756,795922,-399166,24202
1900-01-01 01:31:45,7602.0,79201,7602.5,307635,1586034,439088,1146946,-228434
1900-01-01 01:32:00,7600.5,72230,7601.0,216122,660022,603224,56798,-143892
1900-01-01 01:32:15,7608.5,14608,7609.0,58021,1031745,540792,490953,-43413
1900-01-01 01:32:30,7614.0,253435,7614.5,323958,1706586,306366,1400220,-70523
1900-01-01 01:32:45,7625.0,1236066,7625.5,234486,2194878,358125,1836753,1001580
1900-01-01 01:33:00,7629.5,88802,7630.0,465290,1658748,1955046,-296298,-376488
1900-01-01 01:33:15,7637.0,75234,7638.5,5906,961631,928391,33240,69328
1900-01-01 01:33:30,7640.5,86251,7641.0,70519,1522868,1163610,359258,15732
1900-01-01 01:33:45,7640.0,115901,7640.5,89245,802911,1706961,-904050,26656
1900-01-01 01:34:00,7617.0,6850,7617.5,74775,185124,1081893,-896769,-67925
1900-01-01 01:34:15,7610.0,1010,7612.0,84400,654041,1134704,-480663,-83390
1900-01-01 01:34:30,7585.0,56574,7585.5,154581,330528,2507068,-2176540,-98007
1900-01-01 01:34:45,7600.0,205823,7600.5,10528,807412,6030366,-5222954,195295
1900-01-01 01:35:00,7620.5,159820,7621.0,164179,955319,378208,577111,-4359
1900-01-01 01:35:15,7623.0,9545,7623.5,339496,1215162,685162,530000,-329951
1900-01-01 01:35:30,7622.5,18998,7623.0,109251,581307,601085,-19778,-90253
1900-01-01 01:35:45,7623.5,12817,7624.0,244824,733347,269498,463849,-232007
1900-01-01 01:36:00,7623.5,276968,7624.0,490717,407596,719029,-311433,-213749
1900-01-01 01:36:15,7629.0,338223,7629.5,43787,828976,279966,549010,294436
1900-01-01 01:36:30,7643.0,214099,7643.5,54615,435489,185598,249891,159484
1900-01-01 01:36:45,7633.0,69570,7637.0,1198084,631970,500123,131847,-1128514
1900-01-01 01:37:00,7621.0,41570,7621.5,921557,467053,922456,-455403,-879987
1900-01-01 01:37:15,7610.5,466321,7611.0,71798,334312,1086527,-752215,394523
1900-01-01 01:37:30,7582.0,127491,7593.5,30037,156179,1478533,-1322354,97454
1900-01-01 01:37:45,7597.5,6000,7598.0,22148,467572,1094620,-627048,-16148
1900-01-01 01:38:00,7599.5,765092,7600.0,15009,407140,374204,32936,750083
1900-01-01 01:38:15,7598.0,2170,7598.5,434738,181800,291364,-109564,-432568
1900-01-01 01:38:30,7591.0,227649,7591.5,88321,138953,713975,-575022,139328
1900-01-01 01:38:45,7576.5,86087,7577.0,11596,150580,787891,-637311,74491
1900-01-01 01:39:00,7577.5,284452,7578.0,19800,284360,1497291,-1212931,264652
1900-01-01 01:39:15,7565.0,274514,7565.5,283775,306799,3831618,-3524819,-9261
1900-01-01 01:39:30,7571.0,9749,7571.5,16062,1034836,1101243,-66407,-6313
1900-01-01 01:39:45,7578.5,235648,7579.0,32949,531784,336075,195709,202699
1900-01-01 01:40:00,7587.5,2196769,7588.0,38511,909954,502392,407562,2158258
1900-01-01 01:40:15,7590.0,154169,7590.5,5391,1431664,596375,835289,148778
1900-01-01 01:40:30,7581.5,17215,7582.0,54000,523344,673162,-149818,-36785
1900-01-01 01:40:45,7580.0,297071,7580.5,461853,195532,239308,-43776,-164782
1900-01-01 01:41:00,7570.5,456203,7571.0,247905,625356,429364,195992,208298
1900-01-01 01:41:15,7587.0,45947,7587.5,16493,1030025,121196,908829,29454
1900-01-01 01:41:30,7588.5,145976,7589.0,64938,478007,290810,187197,81038
1900-01-01 01:41:45,7596.0,50026,7596.5,349480,170594,201649,-31055,-299454
1900-01-01 01:42:00,7585.0,1328879,7585.5,82979,77216,467555,-390339,1245900
1900-01-01 01:42:15,7579.5,61318,7580.0,294706,135688,1544640,-1408952,-233388
1900-01-01 01:42:30,7587.5,703874,7588.0,101331,285372,111899,173473,602543
1900-01-01 01:42:45,7573.5,1152964,7574.0,75000,65859,611731,-545872,1077964
1900-01-01 01:43:00,7583.5,67126,7584.0,447027,350064,64732,285332,-379901
1900-01-01 01:43:15,7580.0,102981,7580.5,631496,100430,504811,-404381,-528515
1900-01-01 01:43:30,7580.0,261691,7580.5,308156,242803,309862,-67059,-46465
1900-01-01 01:43:45,7575.5,6633,7576.5,4386,82667,1255833,-1173166,2247
1900-01-01 01:44:00,7571.5,16440,7572.0,8025,193743,952635,-758892,8415
1900-01-01 01:44:15,7569.5,20,7570.0,152452,509724,1386362,-876638,-152432
1900-01-01 01:44:30,7579.5,165240,7580.0,149255,335789,302903,32886,15985
1900-01-01 01:44:45,7566.5,812299,7567.0,29841,137333,1064060,-926727,782458
1900-01-01 01:45:00,7566.5,436442,7567.0,211674,414946,118019,296927,224768
1900-01-01 01:45:15,7561.0,18770,7561.5,87228,92217,488747,-396530,-68458
1900-01-01 01:45:30,7555.0,90434,7555.5,134550,52529,328822,-276293,-44116
1900-01-01 01:45:45,7558.5,176257,7559.0,41534,1407997,608679,799318,134723
1900-01-01 01:46:00,7572.5,11172,7573.0,903788,762580,476758,285822,-892616
1900-01-01 01:46:15,7567.5,15706,7568.0,648422,50342,1540788,-1490446,-632716
1900-01-01 01:46:30,7579.5,1348446,7580.0,204607,523074,77335,445739,1143839
1900-01-01 01:46:45,7579.5,150919,7580.0,495693,501225,373447,127778,-344774
1900-01-01 01:47:00,7590.0,679315,7590.5,16412,399653,156363,243290,662903
1900-01-01 01:47:15,7589.5,1047468,7590.0,5455,317441,246137,71304,1042013
1900-01-01 01:47:30,7602.0,105512,7602.5,460480,946215,466096,480119,-354968
1900-01-01 01:47:45,7599.5,348809,7600.0,1497219,1069802,751849,317953,-1148410
1900-01-01 01:48:00,7614.0,78000,7615.0,1435055,894455,601263,293192,-1357055
1900-01-01 01:48:15,7606.0,101960,7606.5,33858,1063560,941585,121975,68102
1900-01-01 01:48:30,7602.0,368138,7602.5,2321,352966,538096,-185130,365817
1900-01-01 01:48:45,7602.5,129046,7603.0,116131,203445,288586,-85141,12915
1900-01-01 01:49:00,7609.5,219571,7610.0,411285,796812,203196,593616,-191714
1900-01-01 01:49:15,7605.0,616960,7605.5,125500,132517,295610,-163093,491460
1900-01-01 01:49:30,7596.5,121444,7597.0,405183,86970,745204,-658234,-283739
1900-01-01 01:49:45,7597.5,666471,7598.0,488913,253168,285894,-32726,177558
1900-01-01 01:50:00,7604.5,307754,7605.0,390240,631040,133858,497182,-82486
1900-01-01 01:50:15,7608.5,572939,7609.0,123625,127186,149332,-22146,449314
1900-01-01 01:50:30,7612.0,145590,7612.5,59153,455619,83442,372177,86437
1900-01-01 01:50:45,7621.5,290164,7622.0,13573,2303750,39174,2264576,276591
1900-01-01 01:51:00,7624.0,294374,7626.0,16000,1399488,319942,1079546,278374
1900-01-01 01:51:15,7636.0,43405,7636.5,26362,873778,133233,740545,17043
1900-01-01 01:51:30,7624.0,124173,7624.5,471270,161221,749530,-588309,-347097
1900-01-01 01:51:45,7599.5,275236,7600.0,2464543,1932238,907364,1024874,-2189307
1900-01-01 01:52:00,7590.5,19806,7591.0,47000,3452180,849410,2602770,-27194
1900-01-01 01:52:15,7594.5,971939,7595.0,7678,136127,633771,-497644,964261
1900-01-01 01:52:30,7594.5,99845,7595.0,580418,940965,147745,793220,-480573
1900-01-01 01:52:45,7597.5,596113,7598.0,65725,723647,114550,609097,530388
1900-01-01 01:53:00,7590.0,136267,7590.5,505660,140996,221865,-80869,-369393
1900-01-01 01:53:15,7588.5,58719,7589.0,761466,95416,225807,-130391,-702747
1900-01-01 01:53:30,7588.5,232038,7589.0,354614,309713,439280,-129567,-122576
1900-01-01 01:53:45,7584.5,641150,7585.0,203209,210726,205882,4844,437941
1900-01-01 01:54:00,7586.0,365618,7586.5,297947,383811,45634,338177,67671
1900-01-01 01:54:15,7589.0,382324,7589.5,24026,98432,51068,47364,358298
1900-01-01 01:54:30,7593.0,309008,7593.5,126996,175525,90376,85149,182012
1900-01-01 01:54:45,7591.0,8058,7591.5,463851,174174,262134,-87960,-455793
1900-01-01 01:55:00,7599.0,216371,7599.5,31444,356553,256906,99647,184927
1900-01-01 01:55:15,7600.5,327873,7601.0,5082,1954369,94641,1859728,322791
1900-01-01 01:55:30,7605.5,46760,7606.0,149162,738206,75367,662839,-102402
1900-01-01 01:55:45,7597.5,40,7598.0,27902,397103,360712,36391,-27862
1900-01-01 01:56:00,7591.0,407699,7591.5,7940,57618,253348,-195730,399759
1900-01-01 01:56:15,7586.0,18259,7586.5,442067,43230,156731,-113501,-423808
1900-01-01 01:56:30,7590.0,790570,7590.5,6925,295514,2994436,-2698922,783645
1900-01-01 01:56:45,7593.5,432845,7594.0,224487,158226,126132,32094,208358
1900-01-01 01:57:00,7599.5,52086,7600.0,117369,329749,66482,263267,-65283
1900-01-01 01:57:15,7589.5,363846,7590.0,165,576200,903160,-326960,363681
1900-01-01 01:57:30,7597.0,267792,7597.5,212766,227470,38205,189265,55026
1900-01-01 01:57:45,7593.5,540206,7594.0,5847,311873,416975,-105102,534359
1900-01-01 01:58:00,7600.0,356195,7600.5,23339,172518,29164,143354,332856
1900-01-01 01:58:15,7604.5,214300,7605.0,37883,160817,79321,81496,176417
1900-01-01 01:58:30,7612.0,180178,7612.5,110564,368475,58227,310248,69614
1900-01-01 01:58:45,7603.5,345564,7604.0,122009,239594,272912,-33318,223555
1900-01-01 01:59:00,7610.5,309665,7611.0,19043,203042,63012,140030,290622
1900-01-01 01:59:15,7607.0,485232,7607.5,225131,27485,236129,-208644,260101
1900-01-01 01:59:30,7604.0,557209,7604.5,341259,420559,261348,159211,215950
1900-01-01 01:59:45,7604.5,339943,7605.0,104273,113256,34844,78412,235670
1900-01-01 02:00:00,7604.5,921594,7605.0,25409,44663,339559,-294896,896185
1900-01-01 02:00:15,7623.5,14877,7624.0,36000,1280592,173942,1106650,-21123
1900-01-01 02:00:30,7624.5,10000,7630.0,41845,1684689,1020541,664148,-31845
1900-01-01 02:00:45,7629.5,199885,7630.0,42446,730539,80014,650525,157439
1900-01-01 02:01:00,7626.5,302053,7627.0,10000,423377,587425,-164048,292053
1900-01-01 02:01:15,7634.5,308077,7635.0,250935,1061316,203022,858294,57142
1900-01-01 02:01:30,7630.5,552042,7631.0,80972,214029,239510,-25481,471070
1900-01-01 02:01:45,7627.5,361987,7628.0,14071,645740,700894,-55154,347916
1900-01-01 02:02:00,7633.0,324671,7633.5,132764,704774,353404,351370,191907
1900-01-01 02:02:15,7622.5,897,7623.0,180101,86652,767744,-681092,-179204
1900-01-01 02:02:30,7612.5,298128,7613.0,163057,109929,713694,-603765,135071
1900-01-01 02:02:45,7620.0,678128,7620.5,213194,396096,118555,277541,464934
1900-01-01 02:03:00,7616.0,375111,7616.5,226727,312957,98890,214067,148384
1900-01-01 02:03:15,7618.0,469885,7618.5,158325,118275,85266,33009,311560
1900-01-01 02:03:30,7620.0,627710,7620.5,24205,157400,265171,-107771,603505
1900-01-01 02:03:45,7622.0,575571,7622.5,306749,188752,169834,18918,268822
1900-01-01 02:04:00,7625.5,461525,7626.0,11216,201327,117050,84277,450309
1900-01-01 02:04:15,7627.5,165017,7628.0,347802,64909,28521,36388,-182785
1900-01-01 02:04:30,7629.5,480596,7630.0,127824,286898,84862,202036,352772
1900-01-01 02:04:45,7638.5,56820,7639.0,156819,1151696,128690,1023006,-99999
1900-01-01 02:05:00,7644.5,374272,7645.0,8,2843297,48626,2794671,374264
1900-01-01 02:05:15,7653.5,501140,7654.0,813207,5769753,206602,5563151,-312067
1900-01-01 02:05:30,7677.0,8000,7677.5,165005,7984450,292044,7692406,-157005
1900-01-01 02:05:45,7730.0,2375,7765.5,19450,6842136,391944,6450192,-17075
1900-01-01 02:06:00,7753.5,1805949,7754.0,22016,3482386,1563808,1918578,1783933
1900-01-01 02:06:15,7729.0,9539,7730.0,48000,3040423,3244839,-204416,-38461
1900-01-01 02:06:30,7759.5,9679,7760.0,17963,1281378,1964171,-682793,-8284
1900-01-01 02:06:45,7763.5,200000,7764.0,10600,1930464,947374,983090,189400
1900-01-01 02:07:00,7771.0,41525,7771.5,101210,4038452,2625340,1413112,-59685
1900-01-01 02:07:15,7783.5,51159,7784.0,70136,3213657,517082,2696575,-18977
1900-01-01 02:07:30,7765.5,4093,7767.0,9439,640145,932255,-292110,-5346
1900-01-01 02:07:45,7760.5,64531,7763.5,6000,898567,727211,171356,58531
1900-01-01 02:08:00,7749.0,500490,7749.5,788553,345280,1143443,-798163,-288063
1900-01-01 02:08:15,7734.5,5000,7736.0,4200,552096,2221462,-1669366,800
1900-01-01 02:08:30,7743.0,89381,7743.5,6513,956269,1380225,-423956,82868
1900-01-01 02:08:45,7749.5,218259,7750.5,146,1375070,382691,992379,218113
1900-01-01 02:09:00,7753.0,53990,7753.5,43237,637868,704041,-66173,10753
1900-01-01 02:09:15,7760.0,51205,7760.5,71044,416063,990699,-574636,-19839
1900-01-01 02:09:30,7769.5,48992,7770.0,130236,1297722,289501,1008221,-81244
1900-01-01 02:09:45,7770.0,747014,7770.5,50,791920,684035,107885,746964
1900-01-01 02:10:00,7780.0,199681,7780.5,1000,1486514,105202,1381312,198681
1900-01-01 02:10:15,7786.5,46646,7787.0,16968,3906759,549256,3357503,29678
1900-01-01 02:10:30,7789.0,253134,7789.5,26130,1736435,4355780,-2619345,227004
1900-01-01 02:10:45,7790.5,20602,7791.0,186655,851664,395993,455671,-166053
1900-01-01 02:11:00,7771.0,2009,7771.5,32865,451149,1785090,-1333941,-30856
1900-01-01 02:11:15,7760.0,161973,7760.5,81735,206525,1086275,-879750,80238
1900-01-01 02:11:30,7751.0,264398,7751.5,86931,98384,1682591,-1584207,177467
1900-01-01 02:11:45,7767.0,181977,7767.5,757867,710192,500918,209274,-575890
1900-01-01 02:12:00,7757.5,4987,7758.0,29200,846400,914973,-68573,-24213
1900-01-01 02:12:15,7745.5,396824,7746.0,15853,133048,774961,-641913,380971
1900-01-01 02:12:30,7748.5,24072,7749.0,32245,404435,429030,-24595,-8173
1900-01-01 02:12:45,7735.5,370468,7736.0,471030,113757,694417,-580660,-100562
1900-01-01 02:13:00,7744.0,518,7757.5,3008,3534847,351394,3183453,-2490
1900-01-01 02:13:15,7768.0,11319,7768.5,4200,853089,273852,579237,7119
1900-01-01 02:13:30,7763.0,15751,7763.5,63725,504322,262488,241834,-47974
1900-01-01 02:13:45,7771.0,237521,7771.5,105226,607840,608483,-643,132295
1900-01-01 02:14:00,7782.5,6310,7783.0,8000,1199882,409610,790272,-1690
1900-01-01 02:14:15,7817.0,3062,7818.0,50543,2767537,530487,2237050,-47481
1900-01-01 02:14:30,7835.5,1663557,7836.0,26700,2787520,1568629,1218891,1636857
1900-01-01 02:14:45,7827.0,584467,7827.5,33762,3087931,2914623,173308,550705
1900-01-01 02:15:00,7830.5,276697,7831.0,149720,848542,359377,489165,126977
1900-01-01 02:15:15,7834.0,30000,7834.5,1103219,1861603,357422,1504181,-1073219
1900-01-01 02:15:30,7808.0,22808,7808.5,434108,141937,933065,-791128,-411300
1900-01-01 02:15:45,7800.0,269978,7803.0,854857,740026,1162569,-422543,-584879
1900-01-01 02:16:00,7780.0,623515,7780.5,147485,549223,1186045,-636822,476030
1900-01-01 02:16:15,7798.0,115868,7798.5,795044,892805,996239,-103434,-679176
1900-01-01 02:16:30,7785.0,59560,7785.5,286,671558,1056143,-384585,59274
1900-01-01 02:16:45,7782.0,30370,7782.5,919405,646655,455378,191277,-889035
1900-01-01 02:17:00,7787.5,12806,7788.0,575924,297568,916984,-619416,-563118
1900-01-01 02:17:15,7777.0,367814,7777.5,231712,228433,1320283,-1091850,136102
1900-01-01 02:17:30,7772.0,256714,7772.5,305304,327235,465899,-138664,-48590
1900-01-01 02:17:45,7768.0,241403,7768.5,538887,70508,2343043,-2272535,-297484
1900-01-01 02:18:00,7771.0,169650,7771.5,26566,133786,1042086,-908300,143084
1900-01-01 02:18:15,7789.0,56676,7790.0,2950,758827,284102,474725,53726
1900-01-01 02:18:30,7800.0,61157,7800.5,10000,2242587,502016,1740571,51157
1900-01-01 02:18:45,7790.5,560784,7791.0,177299,631063,589311,41752,383485
1900-01-01 02:19:00,7781.0,47743,7781.5,387156,441850,162935,278915,-339413
1900-01-01 02:19:15,7781.0,503554,7781.5,9599,112840,172233,-59393,493955
1900-01-01 02:19:30,7777.0,338894,7777.5,112819,337620,675715,-338095,226075
1900-01-01 02:19:45,7775.0,68794,7775.5,312662,11892,529878,-517986,-243868
1900-01-01 02:20:00,7770.0,735422,7770.5,254290,218732,168601,50131,481132
1900-01-01 02:20:15,7763.0,115091,7763.5,430904,489327,510823,-21496,-315813
1900-01-01 02:20:30,7779.5,161651,7780.0,585035,1109850,211266,898584,-423384
1900-01-01 02:20:45,7773.0,220205,7773.5,162568,687185,155205,531980,57637
1900-01-01 02:21:00,7770.0,480278,7770.5,106398,55703,254087,-198384,373880
1900-01-01 02:21:15,7779.5,261379,7780.0,475613,534006,105001,429005,-214234
1900-01-01 02:21:30,7786.5,144892,7787.0,59764,484220,99455,384765,85128
1900-01-01 02:21:45,7787.0,903762,7787.5,11403,603083,118071,485012,892359
1900-01-01 02:22:00,7790.0,1721,7790.5,661425,205135,183374,21761,-659704
1900-01-01 02:22:15,7777.0,45677,7777.5,405745,133258,317867,-184609,-360068
1900-01-01 02:22:30,7778.5,129126,7779.0,23248,53062,267426,-214364,105878
1900-01-01 02:22:45,7776.0,144374,7776.5,513125,201548,406957,-205409,-368751
1900-01-01 02:23:00,7775.5,6351,7776.0,560754,17060,211782,-194722,-554403
1900-01-01 02:23:15,7769.0,172931,7769.5,495597,98914,767197,-668283,-322666
1900-01-01 02:23:30,7776.5,65007,7777.0,448924,157507,106131,51376,-383917
1900-01-01 02:23:45,7773.0,1896,7773.5,57241,94102,110416,-16314,-55345
1900-01-01 02:24:00,7764.0,10232,7764.5,436367,21840,854111,-832271,-426135
1900-01-01 02:24:15,7760.0,59857,7760.5,447165,222924,917134,-694210,-387308
1900-01-01 02:24:30,7756.0,98127,7756.5,577554,155993,156513,-520,-479427
1900-01-01 02:24:45,7750.0,773687,7750.5,469985,80756,1118917,-1038161,303702
1900-01-01 02:25:00,7747.5,60931,7748.5,2710,186398,1814131,-1627733,58221
1900-01-01 02:25:15,7756.5,483869,7757.0,290229,382393,241886,140507,193640
1900-01-01 02:25:30,7762.0,642334,7762.5,309400,639498,74538,564960,332934
1900-01-01 02:25:45,7780.5,289848,7781.0,277785,720636,116378,604258,12063
1900-01-01 02:26:00,7760.0,8394,7760.5,49800,135056,996450,-861394,-41406
1900-01-01 02:26:15,7766.0,212771,7766.5,205587,434819,350761,84058,7184
1900-01-01 02:26:30,7763.0,475594,7763.5,100139,527277,119825,407452,375455
1900-01-01 02:26:45,7770.0,139094,7770.5,678472,87304,21289,66015,-539378
1900-01-01 02:27:00,7771.0,448594,7771.5,91612,280372,482805,-202433,356982
1900-01-01 02:27:15,7770.5,19919,7771.0,732377,45518,83677,-38159,-712458
1900-01-01 02:27:30,7767.0,13288,7767.5,659261,115786,95189,20597,-645973
1900-01-01 02:27:45,7762.5,735,7763.0,657356,14328,820372,-806044,-656621
1900-01-01 02:28:00,7755.0,1114202,7755.5,15192,110769,578696,-467927,1099010
1900-01-01 02:28:15,7761.5,29724,7762.0,244958,464773,240502,224271,-215234
1900-01-01 02:28:30,7765.0,137141,7765.5,444757,78616,61949,16667,-307616
1900-01-01 02:28:45,7764.5,293538,7765.0,283297,131828,129040,2788,10241
1900-01-01 02:29:00,7758.0,655803,7758.5,38817,75346,75830,-484,616986
1900-01-01 02:29:15,7763.5,50,7764.0,24432,344088,94142,249946,-24382
1900-01-01 02:29:30,7761.5,1165475,7762.0,545839,88711,772021,-683310,619636
1900-01-01 02:29:45,7765.0,578743,7765.5,3552473,1674654,185896,1488758,-2973730
1900-01-01 02:30:00,7779.5,1312050,7780.0,93788,486807,126102,360705,1218262
1900-01-01 02:30:15,7789.0,262724,7789.5,243206,730686,102478,628208,19518
1900-01-01 02:30:30,7785.0,219228,7785.5,538001,528626,195624,333002,-318773
1900-01-01 02:30:45,7796.5,513221,7797.0,231646,681533,136292,545241,281575
1900-01-01 02:31:00,7787.0,14337,7787.5,227082,663027,266012,397015,-212745
1900-01-01 02:31:15,7798.5,34000,7799.0,17406,655497,311341,344156,16594
1900-01-01 02:31:30,7811.5,105726,7812.0,344641,2419873,19212,2400661,-238915
1900-01-01 02:31:45,7801.0,14110,7803.5,2000,513906,569115,-55209,12110
1900-01-01 02:32:00,7790.5,506823,7791.0,189169,160879,1154623,-993744,317654
1900-01-01 02:32:15,7794.5,23744,7795.0,241174,547874,534858,13016,-217430
1900-01-01 02:32:30,7796.0,170560,7796.5,196479,552305,354099,198206,-25919
1900-01-01 02:32:45,7804.0,65000,7804.5,183069,261898,81453,180445,-118069
1900-01-01 02:33:00,7796.0,82124,7796.5,305503,658408,595568,62840,-223379
1900-01-01 02:33:15,7799.5,3720,7800.5,615839,70026,82203,-12177,-612119
1900-01-01 02:33:30,7788.0,3059,7788.5,722007,132824,386672,-253848,-718948
1900-01-01 02:33:45,7777.5,239079,7778.5,1685,104094,499982,-395888,237394
1900-01-01 02:34:00,7773.0,58,7773.5,216220,156080,688992,-532912,-216162
1900-01-01 02:34:15,7760.0,306023,7760.5,115403,30066,550636,-520570,190620
1900-01-01 02:34:30,7764.0,80350,7764.5,37003,389400,506801,-117401,43347
1900-01-01 02:34:45,7758.0,399056,7758.5,384602,104168,212060,-107892,14454
1900-01-01 02:35:00,7756.5,167735,7757.0,57239,484710,805364,-320654,110496
1900-01-01 02:35:15,7760.0,450011,7760.5,154859,808843,319567,489276,295152
1900-01-01 02:35:30,7773.0,169236,7773.5,149291,206600,120040,86560,19945
1900-01-01 02:35:45,7769.0,5147,7769.5,57759,374281,177047,197234,-52612
1900-01-01 02:36:00,7767.5,49931,7768.0,442310,32393,99190,-66797,-392379
1900-01-01 02:36:15,7777.0,150000,7778.0,368153,148814,66818,81996,-218153
1900-01-01 02:36:30,7769.0,512509,7769.5,205581,149411,315427,-166016,306928
1900-01-01 02:36:45,7766.0,75109,7766.5,435973,106174,198036,-91862,-360864
1900-01-01 02:37:00,7766.0,727311,7766.5,229883,145483,124415,21068,497428
1900-01-01 02:37:15,7769.0,59722,7769.5,784431,352905,200554,152351,-724709
1900-01-01 02:37:30,7772.0,33499,7772.5,15509,104548,102902,1646,17990
1900-01-01 02:37:45,7788.0,35932,7788.5,662,692973,94826,598147,35270
1900-01-01 02:38:00,7783.0,5119,7783.5,113632,750856,210825,540031,-108513
1900-01-01 02:38:15,7776.5,585388,7777.0,5000,138154,338293,-200139,580388
1900-01-01 02:38:30,7784.5,243291,7785.0,19260,721730,55943,665787,224031
1900-01-01 02:38:45,7786.0,759211,7786.5,30,216420,150800,65620,759181
1900-01-01 02:39:00,7792.0,114326,7792.5,486643,310191,46192,263999,-372317
1900-01-01 02:39:15,7796.5,397620,7798.0,82753,317679,168309,149370,314867
1900-01-01 02:39:30,7800.0,277067,7800.5,598253,555216,272784,282432,-321186
1900-01-01 02:39:45,7798.0,25794,7798.5,555980,245693,1073137,-827444,-530186
1900-01-01 02:40:00,7797.0,114084,7797.5,29658,79515,238237,-158722,84426
1900-01-01 02:40:15,7784.5,314122,7785.0,449798,107906,178433,-70527,-135676
1900-01-01 02:40:30,7782.0,524,7782.5,134275,117968,554676,-436708,-133751
1900-01-01 02:40:45,7783.0,644202,7783.5,1230,470373,24038,446335,642972
1900-01-01 02:41:00,7784.5,709736,7785.0,77506,96580,40338,56242,632230
1900-01-01 02:41:15,7795.5,432699,7796.0,101388,427589,66609,360980,331311
1900-01-01 02:41:30,7810.5,109586,7811.0,142201,2589541,209785,2379756,-32615
1900-01-01 02:41:45,7811.5,5736,7812.0,362318,449695,175593,274102,-356582
1900-01-01 02:42:00,7811.5,525513,7812.0,49579,270825,212879,57946,475934
1900-01-01 02:42:15,7819.5,424252,7820.0,73976,1179265,233017,946248,350276
1900-01-01 02:42:30,7820.0,532836,7820.5,31397,395255,313587,81668,501439
1900-01-01 02:42:45,7814.5,38584,7815.0,58662,411256,179720,231536,-20078
1900-01-01 02:43:00,7815.0,10143,7815.5,546636,499501,553547,-54046,-536493
1900-01-01 02:43:15,7806.5,704689,7807.0,158615,42109,787572,-745463,546074
1900-01-01 02:43:30,7804.5,41877,7805.0,138563,197151,643803,-446652,-96686
1900-01-01 02:43:45,7796.0,531571,7796.5,6570,226381,760555,-534174,525001
1900-01-01 02:44:00,7792.5,228850,7793.0,153888,140021,371876,-231855,74962
1900-01-01 02:44:15,7790.0,319210,7790.5,1775,57443,169213,-111770,317435
1900-01-01 02:44:30,7789.5,319760,7790.0,211802,77363,110169,-32806,107958
1900-01-01 02:44:45,7789.5,168301,7790.0,125356,144702,114952,29750,42945
1900-01-01 02:45:00,7788.0,33634,7788.5,145368,147469,110162,37307,-111734
1900-01-01 02:45:15,7785.0,215686,7785.5,460747,120676,419115,-298439,-245061
1900-01-01 02:45:30,7784.0,18061,7784.5,752939,30582,117957,-87375,-734878
1900-01-01 02:45:45,7766.0,183966,7766.5,54939,43322,1190380,-1147058,129027
1900-01-01 02:46:00,7776.0,557472,7776.5,271178,212410,157098,55312,286294
1900-01-01 02:46:15,7778.5,114874,7779.0,136405,251000,341306,-90306,-21531
1900-01-01 02:46:30,7778.5,72124,7779.0,331194,540646,154767,385879,-259070
1900-01-01 02:46:45,7781.5,89116,7782.0,416393,152888,416187,-263299,-327277
1900-01-01 02:47:00,7777.0,139808,7777.5,314737,22671,38259,-15588,-174929
1900-01-01 02:47:15,7774.0,15183,7774.5,261279,143036,151769,-8733,-246096
1900-01-01 02:47:30,7773.5,13975,7774.0,398740,98978,208259,-109281,-384765
1900-01-01 02:47:45,7775.0,176589,7775.5,7096,235835,256495,-20660,169493
1900-01-01 02:48:00,7775.0,868740,7775.5,9096,95975,170738,-74763,859644
1900-01-01 02:48:15,7774.0,149092,7774.5,640022,133690,674474,-540784,-490930
1900-01-01 02:48:30,7782.0,474261,7782.5,4648,373484,115454,258030,469613
1900-01-01 02:48:45,7785.5,36028,7786.0,904873,178757,86160,92597,-868845
1900-01-01 02:49:00,7778.5,25000,7779.0,15332,40298,381982,-341684,9668
1900-01-01 02:49:15,7771.0,600528,7771.5,20813,24395,153401,-129006,579715
1900-01-01 02:49:30,7780.0,579610,7780.5,306952,66987,156294,-89307,272658
1900-01-01 02:49:45,7780.0,487086,7780.5,508833,8870,46200,-37330,-21747
1900-01-01 02:50:00,7777.0,60390,7777.5,378950,47556,182263,-134707,-318560
1900-01-01 02:50:15,7774.5,153769,7775.0,242126,186986,102839,84147,-88357
1900-01-01 02:50:30,7765.0,740270,7765.5,326222,148178,232045,-83867,414048
1900-01-01 02:50:45,7771.5,104482,7772.0,21718,356014,905860,-549846,82764
1900-01-01 02:51:00,7763.5,7725,7764.0,1319,173795,158572,15223,6406
1900-01-01 02:51:15,7767.5,128837,7768.0,406393,248534,95244,153290,-277556
1900-01-01 02:51:30,7765.5,4350,7766.0,682960,150546,65045,85501,-678610
1900-01-01 02:51:45,7761.5,461931,7762.0,239198,12230,180857,-168627,222733
1900-01-01 02:52:00,7760.0,467171,7760.5,220388,78437,408960,-330523,246783
1900-01-01 02:52:15,7759.5,85116,7760.0,661589,184462,324407,-139945,-576473
1900-01-01 02:52:30,7757.0,537728,7757.5,370077,39916,386502,-346586,167651
1900-01-01 02:52:45,7768.0,302,7768.5,517331,310857,73202,237655,-517029
1900-01-01 02:53:00,7765.5,908512,7766.0,6220,340675,41661,299014,902292
1900-01-01 02:53:15,7776.0,123136,7776.5,13792,2125518,24185,2101333,109344
1900-01-01 02:53:30,7772.5,106046,7773.0,439259,114181,167876,-53695,-333213
1900-01-01 02:53:45,7776.5,505142,7777.0,146050,236390,83198,153192,359092
1900-01-01 02:54:00,7765.0,822228,7765.5,43773,90637,137513,-46876,778455
1900-01-01 02:54:15,7765.0,70552,7765.5,166355,13478,63721,-50243,-95803
1900-01-01 02:54:30,7767.0,622739,7767.5,46717,26958,42374,-15416,576022
1900-01-01 02:54:45,7767.5,585638,7768.0,64624,57366,52746,4620,521014
1900-01-01 02:55:00,7767.5,320426,7768.0,78764,63661,48335,15326,241662
1900-01-01 02:55:15,7760.5,58835,7761.0,248803,24720,512544,-487824,-189968
1900-01-01 02:55:30,7760.0,527901,7760.5,47361,50336,249485,-199149,480540
1900-01-01 02:55:45,7758.0,44927,7758.5,301883,16763,104571,-87808,-256956
1900-01-01 02:56:00,7756.5,284420,7757.0,344723,38001,254148,-216147,-60303
1900-01-01 02:56:15,7760.0,710678,7760.5,546240,105220,1729912,-1624692,164438
1900-01-01 02:56:30,7760.0,980188,7760.5,126110,548802,812143,-263341,854078
1900-01-01 02:56:45,7759.0,344167,7759.5,160720,281574,55284,226290,183447
1900-01-01 02:57:00,7759.0,369289,7759.5,232080,103333,32494,70839,137209
1900-01-01 02:57:15,7759.0,153864,7759.5,427946,28038,246079,-218041,-274082
1900-01-01 02:57:30,7752.5,82316,7753.0,174852,34330,116237,-81907,-92536
1900-01-01 02:57:45,7752.5,10370,7753.0,201726,31680,191821,-160141,-191356
1900-01-01 02:58:00,7750.0,2419628,7750.5,165083,52084,1302981,-1250897,2254545
1900-01-01 02:58:15,7740.0,166797,7740.5,840677,60665,3213636,-3152971,-673880
1900-01-01 02:58:30,7749.5,487113,7750.0,369627,1656106,798518,857588,117486
1900-01-01 02:58:45,7744.0,358830,7744.5,442533,1344216,638464,705752,-83703
1900-01-01 02:59:00,7752.5,47163,7753.0,449392,465032,243146,221886,-402229
1900-01-01 02:59:15,7745.0,461711,7745.5,33866,104969,972054,-867085,427845
1900-01-01 02:59:30,7738.0,95987,7738.5,482366,52169,811423,-759254,-386379
1900-01-01 02:59:45,7715.5,34637,7716.0,8500,225104,1949848,-1724744,26137
1900-01-01 03:00:00,7705.5,268878,7713.0,2863,278254,2017080,-1738826,266015
1900-01-01 03:00:15,7721.0,169439,7721.5,83334,355283,2380178,-2024895,86105
1900-01-01 03:00:30,7735.5,52136,7736.0,5254,741508,247955,493553,46882
1900-01-01 03:00:45,7751.0,10000,7752.0,730386,574880,91677,483203,-720386
1900-01-01 03:01:00,7749.5,508386,7750.0,56585,503887,639375,-135488,451801
1900-01-01 03:01:15,7749.0,11998,7749.5,331916,514236,657218,-142982,-319918
1900-01-01 03:01:30,7749.0,882799,7749.5,813841,1153135,478909,674226,68958
1900-01-01 03:01:45,7752.0,261150,7752.5,44660,771860,140538,631322,216490
1900-01-01 03:02:00,7763.5,534912,7764.0,166633,1653841,51229,1602612,368279
1900-01-01 03:02:15,7767.0,8000,7767.5,270006,608831,144983,463848,-262006
1900-01-01 03:02:30,7767.5,69532,7768.0,623681,754810,263668,491142,-554149
1900-01-01 03:02:45,7771.5,618417,7772.0,89730,471159,142614,328545,528687
1900-01-01 03:03:00,7767.5,183092,7768.0,278649,611800,59072,552728,-95557
1900-01-01 03:03:15,7767.0,110790,7767.5,580940,621314,134787,486527,-470150
1900-01-01 03:03:30,7755.5,629797,7756.0,255115,47100,882517,-835417,374682
1900-01-01 03:03:45,7761.0,93560,7761.5,389453,547548,110509,437039,-295893
1900-01-01 03:04:00,7761.0,831902,7761.5,56992,50010,97506,-47496,774910
1900-01-01 03:04:15,7761.5,662134,7762.0,260477,97593,32512,65081,401657
1900-01-01 03:04:30,7761.5,303389,7762.0,635564,250767,61786,188981,-332175
1900-01-01 03:04:45,7761.5,1010462,7762.0,322952,57194,29560,27634,687510
1900-01-01 03:05:00,7767.5,778918,7768.0,439986,235089,22302,212787,338932
1900-01-01 03:05:15,7773.5,396272,7774.0,66579,316756,34778,281978,329693
1900-01-01 03:05:30,7777.5,599145,7778.0,18815,744872,14042,730830,580330
1900-01-01 03:05:45,7777.5,750004,7778.0,181954,247186,216508,30678,568050
1900-01-01 03:06:00,7777.5,338077,7778.0,208500,80665,428072,-347407,129577
1900-01-01 03:06:15,7775.5,442035,7776.0,173273,22007,154216,-132209,268762
1900-01-01 03:06:30,7775.5,530127,7776.0,151544,48415,435399,-386984,378583
1900-01-01 03:06:45,7785.0,410016,7785.5,9636,511618,41354,470264,400380
1900-01-01 03:07:00,7785.5,273390,7786.0,714838,443669,146070,297599,-441448
1900-01-01 03:07:15,7779.5,2765,7780.0,463043,368239,184329,183910,-460278
1900-01-01 03:07:30,7780.5,4810,7781.0,208392,328219,257681,70538,-203582
1900-01-01 03:07:45,7779.5,173495,7780.0,326685,154713,82290,72423,-153190
1900-01-01 03:08:00,7779.0,109846,7779.5,425257,50830,157014,-106184,-315411
1900-01-01 03:08:15,7777.0,56400,7777.5,445278,43611,392606,-348995,-388878
1900-01-01 03:08:30,7771.5,619544,7772.0,291921,125289,260829,-135540,327623
1900-01-01 03:08:45,7771.0,1207,7771.5,994220,138086,235490,-97404,-993013
1900-01-01 03:09:00,7775.0,2378766,7775.5,617938,19090,372076,-352986,1760828
1900-01-01 03:09:15,7767.0,48892,7767.5,143910,174905,140715,34190,-95018
1900-01-01 03:09:30,7773.5,103898,7774.0,401489,67578,45312,22266,-297591
1900-01-01 03:09:45,7767.5,129966,7768.0,423019,23422,95192,-71770,-293053
1900-01-01 03:10:00,7771.5,530124,7772.0,151549,101723,24314,77409,378575
1900-01-01 03:10:15,7771.5,395736,7772.0,1274,233358,3223,230135,394462
1900-01-01 03:10:30,7778.0,123391,7778.5,941808,189499,40968,148531,-818417
1900-01-01 03:10:45,7774.5,323060,7775.0,474793,15553,167152,-151599,-151733
1900-01-01 03:11:00,7772.5,150753,7773.0,530982,124780,82002,42778,-380229
1900-01-01 03:11:15,7772.5,26263,7773.0,523488,117,77879,-77762,-497225
1900-01-01 03:11:30,7770.5,394731,7771.0,127467,22214,18750,3464,267264
1900-01-01 03:11:45,7769.5,8515,7770.0,489415,17060,310218,-293158,-480900
1900-01-01 03:12:00,7769.5,316828,7770.0,193004,37118,35116,2002,123824
1900-01-01 03:12:15,7776.5,565314,7777.0,50238,16196,32775,-16579,515076
1900-01-01 03:12:30,7780.0,572585,7780.5,323467,307401,36245,271156,249118
1900-01-01 03:12:45,7780.0,657074,7780.5,153967,230078,58644,171434,503107
1900-01-01 03:13:00,7785.0,885216,7785.5,35521,227317,74031,153286,849695
1900-01-01 03:13:15,7782.5,7110,7783.0,270095,132467,74986,57481,-262985
1900-01-01 03:13:30,7782.0,619293,7782.5,46022,57278,181361,-124083,573271
1900-01-01 03:13:45,7785.5,359529,7786.0,229766,243612,22176,221436,129763
1900-01-01 03:14:00,7785.0,62852,7785.5,501875,57271,39321,17950,-439023
1900-01-01 03:14:15,7782.5,364760,7783.0,469547,50963,98056,-47093,-104787
1900-01-01 03:14:30,7776.0,377768,7776.5,331569,185154,450150,-264996,46199
1900-01-01 03:14:45,7780.5,67960,7781.0,380899,86357,56010,30347,-312939
1900-01-01 03:15:00,7782.5,398857,7783.0,39970,144612,38719,105893,358887
1900-01-01 03:15:15,7784.5,451621,7785.0,103650,501972,15903,486069,347971
1900-01-01 03:15:30,7785.5,1071150,7786.0,109592,227190,5888,221302,961558
1900-01-01 03:15:45,7794.5,460473,7795.0,52011,1530300,12966,1517334,408462
1900-01-01 03:16:00,7799.5,1021471,7800.0,318240,718573,195543,523030,703231
1900-01-01 03:16:15,7806.5,13748,7807.0,16772,590460,119549,470911,-3024
1900-01-01 03:16:30,7801.5,1025274,7802.0,73682,329564,385723,-56159,951592
1900-01-01 03:16:45,7806.5,28541,7807.0,383222,221408,366614,-145206,-354681
1900-01-01 03:17:00,7811.0,562549,7811.5,30271,348545,292985,55560,532278
1900-01-01 03:17:15,7811.0,1034622,7811.5,278449,390995,58630,332365,756173
1900-01-01 03:17:30,7814.0,155098,7814.5,583536,314692,257791,56901,-428438
1900-01-01 03:17:45,7807.0,19841,7807.5,744535,159100,348203,-189103,-724694
1900-01-01 03:18:00,7802.0,711380,7802.5,28798,100342,581783,-481441,682582
1900-01-01 03:18:15,7799.5,683760,7800.0,48247,272375,304404,-32029,635513
1900-01-01 03:18:30,7802.0,525456,7802.5,1365,152638,329927,-177289,524091
1900-01-01 03:18:45,7797.0,411868,7797.5,94891,149857,138294,11563,316977
1900-01-01 03:19:00,7802.5,182726,7803.0,381654,60554,83129,-22575,-198928
1900-01-01 03:19:15,7799.5,269762,7800.0,1693848,316963,81404,235559,-1424086
1900-01-01 03:19:30,7801.0,383138,7801.5,94585,279929,60051,219878,288553
1900-01-01 03:19:45,7798.5,41710,7799.0,237030,81322,135012,-53690,-195320
1900-01-01 03:20:00,7793.5,387762,7794.0,42367,16523,221893,-205370,345395
1900-01-01 03:20:15,7793.5,87114,7794.0,263457,37015,80543,-43528,-176343
1900-01-01 03:20:30,7791.5,46613,7792.0,258134,166545,423977,-257432,-211521
1900-01-01 03:20:45,7790.5,10661,7791.0,434921,88542,412565,-324023,-424260
1900-01-01 03:21:00,7786.0,324678,7786.5,193361,186128,305376,-119248,131317
1900-01-01 03:21:15,7789.5,406415,7790.0,186149,113454,165921,-52467,220266
1900-01-01 03:21:30,7799.5,129472,7800.0,428220,190002,29507,160495,-298748
1900-01-01 03:21:45,7799.5,137755,7800.0,651597,31325,19613,11712,-513842
1900-01-01 03:22:00,7804.5,225266,7805.0,180701,222043,7220,214823,44565
1900-01-01 03:22:15,7804.5,54831,7805.0,182024,289492,20554,268938,-127193
1900-01-01 03:22:30,7803.5,465261,7804.0,137029,82438,34986,47452,328232
1900-01-01 03:22:45,7801.0,434424,7801.5,183539,36337,21008,15329,250885
1900-01-01 03:23:00,7803.0,493409,7803.5,76413,233646,142871,90775,416996
1900-01-01 03:23:15,7821.5,93957,7822.0,22708,384166,36785,347381,71249
1900-01-01 03:23:30,7829.5,53689,7830.0,34911,532201,84134,448067,18778
1900-01-01 03:23:45,7818.0,47689,7818.5,150211,875120,451734,423386,-102522
1900-01-01 03:24:00,7826.0,1226334,7826.5,71333,984096,181174,802922,1155001
1900-01-01 03:24:15,7841.0,136503,7841.5,119,1252678,381234,871444,136384
1900-01-01 03:24:30,7863.0,2232547,7864.0,2698,4405973,601507,3804466,2229849
1900-01-01 03:24:45,7863.5,3027,7864.0,9794,2348609,4014126,-1665517,-6767
1900-01-01 03:25:00,7849.5,8000,7850.0,520149,4682288,54065,4628223,-512149
1900-01-01 03:25:15,7864.0,30,7864.5,278833,2106534,472395,1634139,-278803
1900-01-01 03:25:30,7867.5,457968,7868.0,74229,1413106,439617,973489,383739
1900-01-01 03:25:45,7871.5,3811,7872.0,36976,517811,297330,220481,-33165
1900-01-01 03:26:00,7871.5,490607,7872.0,377890,404832,351056,53776,112717
1900-01-01 03:26:15,7852.5,14383,7853.0,25840,154868,1287330,-1132462,-11457
1900-01-01 03:26:30,7867.0,179010,7867.5,51987,521770,1023287,-501517,127023
1900-01-01 03:26:45,7856.0,1354600,7856.5,167959,229264,502590,-273326,1186641
1900-01-01 03:27:00,7860.0,174723,7860.5,13000,812174,254386,557788,161723
1900-01-01 03:27:15,7856.5,130623,7857.0,166481,99339,573108,-473769,-35858
1900-01-01 03:27:30,7857.0,171124,7857.5,231241,522324,465938,56386,-60117
1900-01-01 03:27:45,7857.0,339939,7857.5,153673,244324,86044,158280,186266
1900-01-01 03:28:00,7857.0,707194,7857.5,234420,28570,612126,-583556,472774
1900-01-01 03:28:15,7862.5,296771,7863.0,1198333,420826,208081,212745,-901562
1900-01-01 03:28:30,7869.5,1259657,7870.0,491475,915889,143212,772677,768182
1900-01-01 03:28:45,7869.0,687655,7869.5,406743,1187815,574686,613129,280912
1900-01-01 03:29:00,7870.5,1153744,7871.0,343843,1252732,156168,1096564,809901
1900-01-01 03:29:15,7866.5,310213,7867.0,51292,324575,469100,-144525,258921
1900-01-01 03:29:30,7870.5,574520,7871.0,1111278,231941,63848,168093,-536758
1900-01-01 03:29:45,7874.5,869404,7875.0,125803,605585,50150,555435,743601
1900-01-01 03:30:00,7872.5,1290,7873.0,1303055,266017,902995,-636978,-1301765
1900-01-01 03:30:15,7863.5,737250,7864.0,285517,248302,663961,-415659,451733
1900-01-01 03:30:30,7855.5,130051,7856.0,986383,83750,558915,-475165,-856332
1900-01-01 03:30:45,7857.0,334221,7857.5,488409,410614,473867,-63253,-154188
1900-01-01 03:31:00,7855.5,643118,7856.0,23486,193398,315320,-121922,619632
1900-01-01 03:31:15,7857.5,615755,7858.0,170930,686374,515143,171231,444825
1900-01-01 03:31:30,7861.0,361206,7861.5,83143,238429,39208,199221,278063
1900-01-01 03:31:45,7870.5,27165,7871.0,12464,469334,242130,227204,14701
1900-01-01 03:32:00,7883.5,128773,7884.0,65785,595964,66638,529326,62988
1900-01-01 03:32:15,7894.5,207271,7895.0,836087,3203820,120807,3083013,-628816
1900-01-01 03:32:30,7897.0,67183,7897.5,270102,4937355,475756,4461599,-202919
1900-01-01 03:32:45,7891.5,478274,7892.0,677792,574860,739682,-164822,-199518
1900-01-01 03:33:00,7879.5,1275,7880.0,278114,435986,402354,33632,-276839
1900-01-01 03:33:15,7873.5,202723,7874.0,391413,792140,982190,-190050,-188690
1900-01-01 03:33:30,7870.0,46366,7870.5,409110,423074,805836,-382762,-362744
1900-01-01 03:33:45,7863.0,732797,7863.5,1,253563,1355588,-1102025,732796
1900-01-01 03:34:00,7862.5,53631,7863.0,48471,977130,103275,873855,5160
1900-01-01 03:34:15,7869.5,4992,7870.0,323745,109652,218236,-108584,-318753
1900-01-01 03:34:30,7870.0,576716,7870.5,4723,436776,178318,258458,571993
1900-01-01 03:34:45,7868.0,19270,7868.5,516106,135797,46859,88938,-496836
1900-01-01 03:35:00,7870.0,455840,7870.5,1649,37400,79474,-42074,454191
1900-01-01 03:35:15,7870.5,281386,7871.0,41970,496819,153536,343283,239416
1900-01-01 03:35:30,7874.5,124984,7875.0,433370,423664,15996,407668,-308386
1900-01-01 03:35:45,7875.0,250262,7875.5,41166,677079,269638,407441,209096
1900-01-01 03:36:00,7881.5,36232,7882.0,21731,127382,70715,56667,14501
1900-01-01 03:36:15,7892.5,113991,7893.0,200734,524960,108374,416586,-86743
1900-01-01 03:36:30,7905.0,200000,7908.0,4041,6508072,560094,5947978,195959
1900-01-01 03:36:45,7910.5,36,7911.0,156453,1388454,1813703,-425249,-156417
1900-01-01 03:37:00,7906.5,1000,7907.0,33800,969483,434660,534823,-32800
1900-01-01 03:37:15,7906.0,42544,7906.5,109119,846302,337016,509286,-66575
1900-01-01 03:37:30,7900.0,172738,7900.5,192974,561657,506549,55108,-20236
1900-01-01 03:37:45,7893.5,196097,7894.0,152437,193872,459432,-265560,43660
1900-01-01 03:38:00,7896.5,42694,7897.0,269166,250897,227913,22984,-226472
1900-01-01 03:38:15,7896.5,5000,7897.5,4200,243542,398258,-154716,800
1900-01-01 03:38:30,7898.5,13378,7899.0,37615,153751,411859,-258108,-24237
1900-01-01 03:38:45,7905.0,126472,7905.5,197863,1069391,92411,976980,-71391
1900-01-01 03:39:00,7898.5,2011,7899.0,261747,209313,679229,-469916,-259736
1900-01-01 03:39:15,7890.5,2090,7891.0,46703,45302,1247201,-1201899,-44613
1900-01-01 03:39:30,7885.0,109918,7885.5,270618,193627,884825,-691198,-160700
1900-01-01 03:39:45,7879.0,167246,7879.5,381716,660628,1087040,-426412,-214470
1900-01-01 03:40:00,7871.0,1007,7871.5,580738,35101,751131,-716030,-579731
1900-01-01 03:40:15,7870.0,647638,7870.5,205695,162948,900194,-737246,441943
1900-01-01 03:40:30,7874.5,607789,7875.0,272785,275019,236654,38365,335004
1900-01-01 03:40:45,7877.5,545025,7878.0,2175,292721,70140,222581,542850
1900-01-01 03:41:00,7885.5,472519,7886.0,206317,393723,37300,356423,266202
1900-01-01 03:41:15,7889.0,234646,7889.5,585484,798173,244701,553472,-350838
1900-01-01 03:41:30,7881.5,8734,7886.0,447404,55704,418550,-362846,-438670
1900-01-01 03:41:45,7888.0,101329,7888.5,781094,56272,238948,-182676,-679765
1900-01-01 03:42:00,7880.0,261796,7880.5,54268,324191,205930,118261,207528
1900-01-01 03:42:15,7878.5,251,7879.0,548032,60968,124341,-63373,-547781
1900-01-01 03:42:30,7875.5,256575,7876.0,480540,30088,265418,-235330,-223965
1900-01-01 03:42:45,7876.5,3494,7877.0,258388,230814,193555,37259,-254894
1900-01-01 03:43:00,7876.0,621191,7876.5,127331,275360,26479,248881,493860
1900-01-01 03:43:15,7887.5,59359,7888.0,391808,262509,117060,145449,-332449
1900-01-01 03:43:30,7897.0,102952,7897.5,51153,646916,71317,575599,51799
1900-01-01 03:43:45,7895.5,240929,7896.0,343740,482757,391825,90932,-102811
1900-01-01 03:44:00,7906.5,1077405,7907.0,36957,329381,263965,65416,1040448
1900-01-01 03:44:15,7899.0,15672,7899.5,300853,277470,319072,-41602,-285181
1900-01-01 03:44:30,7904.5,1196364,7905.0,65689,607571,523646,83925,1130675
1900-01-01 03:44:45,7909.5,1067145,7910.0,37029,417373,113423,303950,1030116
1900-01-01 03:45:00,7920.0,197157,7920.5,9569,1316596,124914,1191682,187588
1900-01-01 03:45:15,7929.5,570225,7930.0,190899,1566347,351088,1215259,379326
1900-01-01 03:45:30,7924.0,15629,7924.5,352651,368135,1576973,-1208838,-337022
1900-01-01 03:45:45,7922.5,5133,7923.0,391706,234271,710847,-476576,-386573
1900-01-01 03:46:00,7908.0,8183,7908.5,566862,45581,1096570,-1050989,-558679
1900-01-01 03:46:15,7903.0,178720,7903.5,58528,114422,740554,-626132,120192
1900-01-01 03:46:30,7893.5,1334,7894.0,57483,931460,573310,358150,-56149
1900-01-01 03:46:45,7907.0,178887,7907.5,39535,434064,324644,109420,139352
1900-01-01 03:47:00,7894.5,332642,7895.0,84255,274767,284064,-9297,248387
1900-01-01 03:47:15,7898.5,50182,7899.0,163811,321938,157316,164622,-113629
1900-01-01 03:47:30,7897.0,647120,7897.5,34456,97233,63196,34037,612664
1900-01-01 03:47:45,7902.0,300929,7902.5,20607,411390,169586,241804,280322
1900-01-01 03:48:00,7903.0,468332,7903.5,158282,390617,266588,124029,310050
1900-01-01 03:48:15,7906.5,193939,7907.0,63077,364669,411572,-46903,130862
1900-01-01 03:48:30,7911.0,88087,7911.5,42477,510493,392993,117500,45610
1900-01-01 03:48:45,7906.5,449640,7907.0,56720,50930,296194,-245264,392920
1900-01-01 03:49:00,7914.5,162356,7915.0,325658,357563,43864,313699,-163302
1900-01-01 03:49:15,7909.5,15,7910.0,281641,37134,261115,-223981,-281626
1900-01-01 03:49:30,7908.5,534338,7909.0,53052,163329,260612,-97283,481286
1900-01-01 03:49:45,7908.5,4026711,7909.0,323062,161418,324740,-163322,3703649
1900-01-01 03:50:00,7910.5,798601,7911.0,31385,297466,170698,126768,767216
1900-01-01 03:50:15,7918.5,474111,7919.0,328252,643506,264108,379398,145859
1900-01-01 03:50:30,7915.5,69257,7916.0,305135,318479,118073,200406,-235878
1900-01-01 03:50:45,7919.5,161709,7920.0,12618,248001,87521,160480,149091
1900-01-01 03:51:00,7924.5,308494,7925.0,168680,656690,216289,440401,139814
1900-01-01 03:51:15,7925.0,1060400,7925.5,40751,445977,259308,186669,1019649
1900-01-01 03:51:30,7934.0,172952,7934.5,242257,498500,177478,321022,-69305
1900-01-01 03:51:45,7942.5,39283,7943.0,61526,1558830,375317,1183513,-22243
1900-01-01 03:52:00,7936.0,13500,7936.5,47358,776463,84252,692211,-33858
1900-01-01 03:52:15,7932.5,1039335,7933.0,6,424703,490644,-65941,1039329
1900-01-01 03:52:30,7939.5,243420,7940.0,547811,785809,429013,356796,-304391
1900-01-01 03:52:45,7934.5,6191,7935.0,747910,90075,789090,-699015,-741719
1900-01-01 03:53:00,7932.5,663573,7933.0,30058,401500,422314,-20814,633515
1900-01-01 03:53:15,7942.5,154389,7943.0,314033,347607,208209,139398,-159644
1900-01-01 03:53:30,7949.5,319633,7950.0,1748702,4106243,513885,3592358,-1429069
1900-01-01 03:53:45,7966.5,22906,7967.0,135434,2462191,124414,2337777,-112528
1900-01-01 03:54:00,7964.5,851,7965.5,29020,1516871,435947,1080924,-28169
1900-01-01 03:54:15,7955.5,20805,7956.0,159234,1704656,1033427,671229,-138429
1900-01-01 03:54:30,7949.5,307888,7950.0,419838,1028680,956404,72276,-111950
1900-01-01 03:54:45,7955.5,10670,7956.0,264020,530612,424283,106329,-253350
1900-01-01 03:55:00,7950.5,353782,7951.0,165828,168654,417479,-248825,187954
1900-01-01 03:55:15,7959.5,402656,7960.0,95675,920132,198982,721150,306981
1900-01-01 03:55:30,7957.0,86954,7957.5,289796,323262,497761,-174499,-202842
1900-01-01 03:55:45,7951.0,136975,7951.5,38888,139128,266362,-127234,98087
1900-01-01 03:56:00,7950.0,210185,7950.5,585204,578285,669199,-90914,-375019
1900-01-01 03:56:15,7941.5,470865,7942.0,94063,172574,768289,-595715,376802
1900-01-01 03:56:30,7940.0,4,7940.5,301456,154530,1764009,-1609479,-301452
1900-01-01 03:56:45,7927.5,58940,7928.0,350,41614,2313254,-2271640,58590
1900-01-01 03:57:00,7930.0,90992,7930.5,544049,390139,675967,-285828,-453057
1900-01-01 03:57:15,7925.5,80581,7926.0,455072,295882,619194,-323312,-374491
1900-01-01 03:57:30,7915.0,344426,7915.5,418672,97600,1270819,-1173219,-74246
1900-01-01 03:57:45,7917.0,226426,7917.5,233321,230090,605125,-375035,-6895
1900-01-01 03:58:00,7924.0,142428,7924.5,62336,407065,163914,243151,80092
1900-01-01 03:58:15,7934.0,470180,7934.5,285645,392423,230938,161485,184535
1900-01-01 03:58:30,7941.5,151457,7942.0,149708,335216,141683,193533,1749
1900-01-01 03:58:45,7942.5,80138,7943.0,596092,883984,59319,824665,-515954
1900-01-01 03:59:00,7940.0,3402985,7940.5,180689,647728,900805,-253077,3222296
1900-01-01 03:59:15,7949.0,116148,7949.5,462328,482601,75825,406776,-346180
1900-01-01 03:59:30,7953.0,42691,7953.5,160894,646991,41328,605663,-118203
1900-01-01 03:59:45,7949.5,23365,7950.0,154835,113044,620491,-507447,-131470
1900-01-01 04:00:00,7949.0,23756,7949.5,594089,75527,132899,-57372,-570333
1900-01-01 04:00:15,7949.0,33722,7949.5,35900,338143,1710776,-1372633,-2178
1900-01-01 04:00:30,7947.5,13118,7948.0,140548,296796,364868,-68072,-127430
1900-01-01 04:00:45,7942.0,14047,7942.5,15035,649220,338037,311183,-988
1900-01-01 04:01:00,7935.0,94523,7935.5,152299,420540,1250103,-829563,-57776
1900-01-01 04:01:15,7920.0,209233,7922.0,71359,92758,458653,-365895,137874
1900-01-01 04:01:30,7916.5,165030,7917.0,401613,492062,1107198,-615136,-236583
1900-01-01 04:01:45,7916.0,111031,7916.5,213310,315993,971729,-655736,-102279
1900-01-01 04:02:00,7928.5,8000,7929.0,781,428551,538297,-109746,7219
1900-01-01 04:02:15,7931.5,383018,7932.0,354163,412002,212165,199837,28855
1900-01-01 04:02:30,7935.5,161838,7936.0,76102,521160,105659,415501,85736
1900-01-01 04:02:45,7932.5,405128,7933.0,149652,284540,195154,89386,255476
1900-01-01 04:03:00,7932.5,3742,7933.0,126943,485533,53189,432344,-123201
1900-01-01 04:03:15,7937.5,540901,7938.0,77510,522010,128004,394006,463391
1900-01-01 04:03:30,7939.5,672580,7940.0,49491,177892,31081,146811,623089
1900-01-01 04:03:45,7939.5,619950,7940.0,184509,388899,20390,368509,435441
1900-01-01 04:04:00,7941.0,545253,7941.5,3201,307439,35454,271985,542052
1900-01-01 04:04:15,7948.0,287854,7948.5,122192,261867,43192,218675,165662
1900-01-01 04:04:30,7954.0,1037475,7954.5,31501,313913,58885,255028,1005974
1900-01-01 04:04:45,7957.5,22042,7958.0,7054,765470,147656,617814,14988
1900-01-01 04:05:00,7965.5,587996,7966.0,87696,2154739,182798,1971941,500300
1900-01-01 04:05:15,7954.0,36665,7954.5,359900,490689,306726,183963,-323235
1900-01-01 04:05:30,7953.5,97096,7954.0,337896,815686,926453,-110767,-240800
1900-01-01 04:05:45,7947.0,33343,7947.5,415228,80641,1048519,-967878,-381885
1900-01-01 04:06:00,7937.5,930,7938.0,91457,30128,594778,-564650,-90527
1900-01-01 04:06:15,7939.5,11811,7940.0,565430,165040,449329,-284289,-553619
1900-01-01 04:06:30,7932.5,487784,7933.0,22120,124212,901984,-777772,465664
1900-01-01 04:06:45,7924.0,176523,7924.5,167152,115921,1045984,-930063,9371
1900-01-01 04:07:00,7924.5,745500,7925.0,137762,527218,1608429,-1081211,607738
1900-01-01 04:07:15,7930.0,419356,7930.5,504123,496809,596483,-99674,-84767
1900-01-01 04:07:30,7930.0,229187,7930.5,461993,246888,370925,-124037,-232806
1900-01-01 04:07:45,7930.0,617342,7930.5,553360,45596,17845,27751,63982
1900-01-01 04:08:00,7930.0,519111,7930.5,355245,366418,137946,228472,163866
1900-01-01 04:08:15,7930.0,1147450,7930.5,89649,551512,115771,435741,1057801
1900-01-01 04:08:30,7937.5,281230,7938.0,194391,1275383,67098,1208285,86839
1900-01-01 04:08:45,7925.0,669161,7925.5,111361,167200,5475635,-5308435,557800
1900-01-01 04:09:00,7925.0,31597,7925.5,557160,16220,476165,-459945,-525563
1900-01-01 04:09:15,7923.0,5086,7923.5,552613,60240,579274,-519034,-547527
1900-01-01 04:09:30,7915.5,12600,7916.0,622098,119160,1514876,-1395716,-609498
1900-01-01 04:09:45,7914.5,263122,7915.0,352602,311147,1655835,-1344688,-89480
1900-01-01 04:10:00,7914.0,121235,7914.5,431323,543401,567139,-23738,-310088
1900-01-01 04:10:15,7922.0,801191,7922.5,24979,510650,198605,312045,776212
1900-01-01 04:10:30,7922.5,29896,7923.0,290567,266182,140823,125359,-260671
1900-01-01 04:10:45,7922.0,278074,7922.5,304537,12590,172960,-160370,-26463
1900-01-01 04:11:00,7930.5,577371,7931.0,337435,534708,30095,504613,239936
1900-01-01 04:11:15,7934.5,318771,7935.0,78877,822378,128008,694370,239894
1900-01-01 04:11:30,7936.0,210027,7936.5,317082,203556,307564,-104008,-107055
1900-01-01 04:11:45,7934.0,36338,7934.5,240124,924662,317293,607369,-203786
1900-01-01 04:12:00,7931.5,1100517,7932.0,1380395,37779,281016,-243237,-279878
1900-01-01 04:12:15,7924.5,59023,7925.0,261508,147460,274334,-126874,-202485
1900-01-01 04:12:30,7922.0,3400,7922.5,474972,39328,175566,-136238,-471572
1900-01-01 04:12:45,7922.0,1137841,7922.5,181162,231435,157609,73826,956679
1900-01-01 04:13:00,7925.0,551911,7925.5,65008,424562,36965,387597,486903
1900-01-01 04:13:15,7926.5,82482,7927.0,38003,117656,540398,-422742,44479
1900-01-01 04:13:30,7931.0,129890,7931.5,148337,178322,18129,160193,-18447
1900-01-01 04:13:45,7929.0,68883,7929.5,236659,58723,38204,20519,-167776
1900-01-01 04:14:00,7933.0,173404,7933.5,108738,441057,80117,360940,64666
1900-01-01 04:14:15,7934.5,467424,7935.0,93502,65304,25204,40100,373922
1900-01-01 04:14:30,7942.5,663905,7943.0,50859,2251417,36868,2214549,613046
1900-01-01 04:14:45,7946.5,231061,7947.0,113962,238176,104955,133221,117099
1900-01-01 04:15:00,7941.0,74937,7941.5,74990,219128,182351,36777,-53
1900-01-01 04:15:15,7938.0,56659,7938.5,227428,29278,500550,-471272,-170769
1900-01-01 04:15:30,7938.5,153896,7939.0,144575,7713,242973,-235260,9321
1900-01-01 04:15:45,7943.0,148488,7943.5,306144,154178,38709,115469,-157656
1900-01-01 04:16:00,7943.0,246663,7943.5,239490,159095,90469,68626,7173
1900-01-01 04:16:15,7944.0,1643357,7944.5,166123,595600,32532,563068,1477234
1900-01-01 04:16:30,7947.0,600916,7947.5,4785,603060,13883,589177,596131
1900-01-01 04:16:45,7951.5,653406,7952.0,294498,575714,191171,384543,358908
1900-01-01 04:17:00,7956.5,564433,7957.0,138135,380083,35208,344875,426298
1900-01-01 04:17:15,7959.5,423994,7960.0,130506,632222,58921,573301,293488
1900-01-01 04:17:30,7952.0,1025121,7952.5,59240,163317,793086,-629769,965881
1900-01-01 04:17:45,7950.0,572659,7950.5,473530,165651,182599,-16948,99129
1900-01-01 04:18:00,7941.0,1059726,7941.5,569,65962,1149243,-1083281,1059157
1900-01-01 04:18:15,7928.0,85514,7928.5,309352,34762,406952,-372190,-223838
1900-01-01 04:18:30,7924.0,252409,7924.5,186333,95275,480794,-385519,66076
1900-01-01 04:18:45,7927.5,502038,7928.0,370,453647,366267,87380,501668
1900-01-01 04:19:00,7923.0,65328,7923.5,477616,122839,126629,-3790,-412288
1900-01-01 04:19:15,7923.0,41658,7923.5,15946,204741,152530,52211,25712
1900-01-01 04:19:30,7916.0,5612,7916.5,325473,222274,524812,-302538,-319861
1900-01-01 04:19:45,7912.5,31632,7913.0,423667,249577,894033,-644456,-392035
1900-01-01 04:20:00,7917.5,81015,7918.0,14200,534156,577135,-42979,66815
1900-01-01 04:20:15,7920.5,9930,7921.0,600862,623515,343688,279827,-590932
1900-01-01 04:20:30,7914.0,728441,7914.5,244807,64610,253676,-189066,483634
1900-01-01 04:20:45,7919.5,61627,7920.0,367923,293809,154816,138993,-306296
1900-01-01 04:21:00,7910.0,146589,7910.5,377732,14993,848942,-833949,-231143
1900-01-01 04:21:15,7926.0,14898,7926.5,39612,968597,961716,6881,-24714
1900-01-01 04:21:30,7918.0,4317,7918.5,567324,732443,194817,537626,-563007
1900-01-01 04:21:45,7909.5,606627,7910.0,227272,1858006,286341,1571665,379355
1900-01-01 04:22:00,7907.0,646,7907.5,62348,186906,602916,-416010,-61702
1900-01-01 04:22:15,7891.0,63943,7891.5,148793,58887,888558,-829671,-84850
1900-01-01 04:22:30,7866.0,123504,7866.5,16059,442979,2142221,-1699242,107445
1900-01-01 04:22:45,7889.5,54352,7890.0,8585,1604102,12646864,-11042762,45767
1900-01-01 04:23:00,7892.5,11161,7893.0,1106989,624880,446459,178421,-1095828
1900-01-01 04:23:15,7888.0,126371,7888.5,4648,429228,832434,-403206,121723
1900-01-01 04:23:30,7903.5,710781,7904.0,115067,1897396,2473674,-576278,595714
1900-01-01 04:23:45,7903.5,425315,7904.0,142367,1337241,242100,1095141,282948
1900-01-01 04:24:00,7892.5,39824,7893.0,33342,181626,526807,-345181,6482
1900-01-01 04:24:15,7892.5,267606,7893.0,52516,421911,210840,211071,215090
1900-01-01 04:24:30,7894.5,88508,7895.0,763430,175691,112064,63627,-674922
1900-01-01 04:24:45,7891.5,480146,7892.0,423167,116976,463014,-346038,56979
1900-01-01 04:25:00,7894.5,627169,7895.0,135109,2003516,293737,1709779,492060
1900-01-01 04:25:15,7894.0,11228,7894.5,294811,292126,111464,180662,-283583
1900-01-01 04:25:30,7888.5,131363,7889.0,3423349,171004,220849,-49845,-3291986
1900-01-01 04:25:45,7888.0,8000,7888.5,2324,1560247,693128,867119,5676
1900-01-01 04:26:00,7887.5,512385,7888.0,248,380629,111819,268810,512137
1900-01-01 04:26:15,7896.5,96639,7897.0,364172,887526,39298,848228,-267533
1900-01-01 04:26:30,7896.5,743061,7897.0,7392,238823,84591,154232,735669
1900-01-01 04:26:45,7902.5,344252,7903.0,47951,256352,23225,233127,296301
1900-01-01 04:27:00,7904.5,612653,7905.0,17064,460825,33309,427516,595589
1900-01-01 04:27:15,7910.0,2030,7910.5,231971,633720,37811,595909,-229941
1900-01-01 04:27:30,7910.0,573036,7910.5,393010,490997,62068,428929,180026
1900-01-01 04:27:45,7910.0,1173381,7910.5,166424,400193,57148,343045,1006957
1900-01-01 04:28:00,7910.5,754552,7911.0,377820,147446,36194,111252,376732
1900-01-01 04:28:15,7913.0,575308,7913.5,116722,436297,37584,398713,458586
1900-01-01 04:28:30,7914.5,206334,7915.0,304291,672404,91698,580706,-97957
1900-01-01 04:28:45,7914.5,253320,7915.0,263418,104182,107278,-3096,-10098
1900-01-01 04:29:00,7916.0,1126486,7916.5,104083,638880,67716,571164,1022403
1900-01-01 04:29:15,7921.5,159197,7922.0,114270,568363,5414,562949,44927
1900-01-01 04:29:30,7919.0,111207,7919.5,570304,576407,324660,251747,-459097
1900-01-01 04:29:45,7915.0,517859,7915.5,186720,139576,377996,-238420,331139
1900-01-01 04:30:00,7915.0,308432,7915.5,338069,70762,59322,11440,-29637
1900-01-01 04:30:15,7915.0,142015,7915.5,362685,81410,361543,-280133,-220670
1900-01-01 04:30:30,7910.5,563440,7911.0,173137,32286,203267,-170981,390303
1900-01-01 04:30:45,7904.5,58030,7905.0,105299,100766,279295,-178529,-47269
1900-01-01 04:31:00,7901.5,68518,7902.0,421551,153310,3480867,-3327557,-353033
1900-01-01 04:31:15,7908.0,387841,7908.5,144868,457489,84184,373305,242973
1900-01-01 04:31:30,7905.0,112579,7905.5,445149,222466,338312,-115846,-332570
1900-01-01 04:31:45,7905.0,72890,7905.5,363880,40128,30652,9476,-290990
1900-01-01 04:32:00,7909.5,304225,7910.0,89302,375237,86860,288377,214923
1900-01-01 04:32:15,7910.0,599707,7910.5,50426,131686,43928,87758,549281
1900-01-01 04:32:30,7912.0,137204,7912.5,245940,222175,58315,163860,-108736
1900-01-01 04:32:45,7913.5,369029,7914.0,61934,46567,126374,-79807,307095
1900-01-01 04:33:00,7912.0,547230,7912.5,10491,380026,45751,334275,536739
1900-01-01 04:33:15,7915.0,389331,7915.5,205041,246275,9170,237105,184290
1900-01-01 04:33:30,7915.0,383379,7915.5,225256,40322,10840,29482,158123
1900-01-01 04:33:45,7915.5,131654,7916.0,59739,71004,113078,-42074,71915
1900-01-01 04:34:00,7921.5,948182,7922.0,27434,722675,49496,673179,920748
1900-01-01 04:34:15,7921.0,52621,7921.5,821657,253513,368052,-114539,-769036
1900-01-01 04:34:30,7915.0,218397,7915.5,225940,54283,182925,-128642,-7543
1900-01-01 04:34:45,7916.0,29721,7916.5,435338,42108,35911,6197,-405617
1900-01-01 04:35:00,7912.5,12397,7913.0,887789,20858,283053,-262195,-875392
1900-01-01 04:35:15,7909.0,1625,7909.5,1192307,356,126799,-126443,-1190682
1900-01-01 04:35:30,7908.0,320,7908.5,498332,39080,123297,-84217,-498012
1900-01-01 04:35:45,7905.5,230208,7906.0,858790,5426,159748,-154322,-628582
1900-01-01 04:36:00,7902.0,596378,7902.5,51783,356644,390082,-33438,544595
1900-01-01 04:36:15,7904.5,484286,7905.0,30582,325970,81079,244891,453704
1900-01-01 04:36:30,7904.0,19703,7904.5,295611,150397,204658,-54261,-275908
1900-01-01 04:36:45,7903.5,7476,7904.0,443371,14346,28614,-14268,-435895
1900-01-01 04:37:00,7902.0,716604,7902.5,203332,27988,50217,-22229,513272
1900-01-01 04:37:15,7903.0,256978,7903.5,176201,208390,72865,135525,80777
1900-01-01 04:37:30,7902.0,102593,7902.5,426021,26617,81819,-55202,-323428
1900-01-01 04:37:45,7896.0,22543,7896.5,156337,217956,705577,-487621,-133794
1900-01-01 04:38:00,7893.5,400800,7894.0,79400,52063,95916,-43853,321400
1900-01-01 04:38:15,7891.0,1361346,7891.5,8861,173017,132568,40449,1352485
1900-01-01 04:38:30,7894.5,1018900,7895.0,26471,167578,38684,128894,992429
1900-01-01 04:38:45,7886.5,580882,7887.0,176669,181707,314938,-133231,404213
1900-01-01 04:39:00,7887.5,7291,7888.0,1051461,143689,51254,92435,-1044170
1900-01-01 04:39:15,7889.0,159915,7889.5,1097,228792,219736,9056,158818
1900-01-01 04:39:30,7892.0,17496,7892.5,213704,358523,92144,266379,-196208
1900-01-01 04:39:45,7894.0,29577,7894.5,565612,75603,48951,26652,-536035
1900-01-01 04:40:00,7894.0,128631,7894.5,742007,14930,31533,-16603,-613376
1900-01-01 04:40:15,7891.0,80552,7891.5,577908,259965,63991,195974,-497356
1900-01-01 04:40:30,7885.0,13584,7885.5,396470,48582,228063,-179481,-382886
1900-01-01 04:40:45,7878.0,71917,7878.5,654534,156814,813584,-656770,-582617
1900-01-01 04:41:00,7866.5,566552,7867.0,182397,24485,1645788,-1621303,384155
1900-01-01 04:41:15,7874.5,359404,7875.0,354797,411933,492945,-81012,4607
1900-01-01 04:41:30,7874.0,802845,7874.5,302359,148377,112060,36317,500486
1900-01-01 04:41:45,7872.0,431096,7872.5,296666,108774,350646,-241872,134430
1900-01-01 04:42:00,7863.0,244046,7863.5,137148,349724,1169001,-819277,106898
1900-01-01 04:42:15,7860.0,1192571,7860.5,2943,404539,560906,-156367,1189628
1900-01-01 04:42:30,7866.0,20226,7866.5,613539,102340,345762,-243422,-593313
1900-01-01 04:42:45,7874.0,422425,7874.5,11982,1174800,192886,981914,410443
1900-01-01 04:43:00,7883.0,320612,7883.5,107578,594626,17833,576793,213034
1900-01-01 04:43:15,7884.0,225199,7884.5,73988,705351,144344,561007,151211
1900-01-01 04:43:30,7891.0,66142,7891.5,2,242267,400668,-158401,66140
1900-01-01 04:43:45,7891.0,326333,7891.5,73754,220657,785,219872,252579
1900-01-01 04:44:00,7897.0,383188,7897.5,273993,437600,270297,167303,109195
1900-01-01 04:44:15,7910.0,126569,7910.5,66851,3332306,131336,3200970,59718
1900-01-01 04:44:30,7901.5,307447,7902.0,213439,250636,93246,157390,94008
1900-01-01 04:44:45,7896.0,74886,7896.5,505839,107677,107922,-245,-430953
1900-01-01 04:45:00,7890.5,566580,7891.0,271915,145436,138452,6984,294665
1900-01-01 04:45:15,7890.5,1296201,7891.0,32570,269788,239206,30582,1263631
1900-01-01 04:45:30,7890.5,1502618,7891.0,1094579,26765,36590,-9825,408039
1900-01-01 04:45:45,7899.5,964829,7900.0,1199311,453163,72020,381143,-234482
1900-01-01 04:46:00,7899.5,879190,7900.0,637942,648883,368552,280331,241248
1900-01-01 04:46:15,7899.5,587351,7900.0,63714,148711,32962,115749,523637
1900-01-01 04:46:30,7900.5,125138,7901.0,389897,275814,136744,139070,-264759
1900-01-01 04:46:45,7902.5,444244,7903.0,10902,61717,49288,12429,433342
1900-01-01 04:47:00,7905.0,442323,7905.5,95941,53590,15273,38317,346382
1900-01-01 04:47:15,7906.5,792080,7907.0,162072,322336,14908,307428,630008
1900-01-01 04:47:30,7911.0,190301,7911.5,51491,212052,231414,-19362,138810
1900-01-01 04:47:45,7914.5,55946,7915.0,510413,143670,279937,-136267,-454467
1900-01-01 04:48:00,7919.5,135227,7920.0,82067,233885,71802,162083,53160
1900-01-01 04:48:15,7917.0,43,7917.5,928834,131619,93121,38498,-928791
1900-01-01 04:48:30,7919.0,66261,7919.5,494205,333293,155931,177362,-427944
1900-01-01 04:48:45,7914.0,400779,7914.5,22559,67602,106011,-38409,378220
1900-01-01 04:49:00,7914.0,617947,7914.5,80735,38864,9695,29169,537212
1900-01-01 04:49:15,7914.0,1753786,7914.5,153214,21697,3221,18476,1600572
1900-01-01 04:49:30,7914.0,2003378,7914.5,53579,101952,32497,69455,1949799
1900-01-01 04:49:45,7920.0,770209,7920.5,13308,312933,23717,289216,756901
1900-01-01 04:50:00,7923.5,1556097,7924.0,33906,209760,36546,173214,1522191
1900-01-01 04:50:15,7932.0,62587,7932.5,9506,780278,34025,746253,53081
1900-01-01 04:50:30,7944.0,564703,7944.5,635823,681369,56201,625168,-71120
1900-01-01 04:50:45,7941.0,32545,7941.5,857151,291061,305453,-14392,-824606
1900-01-01 04:51:00,7939.0,37895,7939.5,1144753,435093,644576,-209483,-1106858
1900-01-01 04:51:15,7943.5,186800,7944.0,116119,237642,146845,90797,70681
1900-01-01 04:51:30,7959.5,49622,7960.0,130802,581402,222264,359138,-81180
1900-01-01 04:51:45,7964.0,483585,7964.5,109398,2846603,373469,2473134,374187
1900-01-01 04:52:00,7978.0,600,7979.0,143967,2026012,294353,1731659,-143367
1900-01-01 04:52:15,7978.0,96992,7978.5,46051,1630792,488402,1142390,50941
1900-01-01 04:52:30,7989.0,77197,7989.5,327138,2044517,446703,1597814,-249941
1900-01-01 04:52:45,7975.0,39132,7975.5,357036,677355,661391,15964,-317904
1900-01-01 04:53:00,7981.0,245181,7981.5,4072,629336,324259,305077,241109
1900-01-01 04:53:15,7987.0,341365,7987.5,157482,1962022,625921,1336101,183883
1900-01-01 04:53:30,7998.5,162019,7999.0,215850,1162516,81291,1081225,-53831
1900-01-01 04:53:45,8004.0,89986,8005.0,183638,6976449,999407,5977042,-93652
1900-01-01 04:54:00,8029.5,35042,8030.0,22,4067013,108330,3958683,35020
1900-01-01 04:54:15,8030.5,280772,8031.0,58849,6456985,1182754,5274231,221923
1900-01-01 04:54:30,8017.0,56137,8017.5,131099,3503288,1569088,1934200,-74962
1900-01-01 04:54:45,7990.5,8956,7994.5,12000,802439,2027759,-1225320,-3044
1900-01-01 04:55:00,7988.5,142613,7989.0,536261,543062,1270717,-727655,-393648
1900-01-01 04:55:15,7998.0,300758,7998.5,309753,1012509,281156,731353,-8995
1900-01-01 04:55:30,7998.0,329927,7998.5,434931,840919,250724,590195,-105004
1900-01-01 04:55:45,7980.5,91558,7986.0,7967,286632,1765997,-1479365,83591
1900-01-01 04:56:00,7986.0,76376,7986.5,77489,232686,362763,-130077,-1113
1900-01-01 04:56:15,7990.5,332035,7991.0,129032,346759,54178,292581,203003
1900-01-01 04:56:30,7994.0,58606,7994.5,710177,637538,395588,241950,-651571
1900-01-01 04:56:45,7999.5,438652,8000.0,492222,688553,134512,554041,-53570
1900-01-01 04:57:00,7999.5,428296,8000.0,31486,421615,243382,178233,396810
1900-01-01 04:57:15,8004.5,11159,8005.0,133581,110362,68715,41647,-122422
1900-01-01 04:57:30,8009.5,63610,8010.0,601482,320542,485682,-165140,-537872
1900-01-01 04:57:45,8016.0,265024,8016.5,19566,835501,96275,739226,245458
1900-01-01 04:58:00,8013.0,305794,8013.5,467210,241649,156938,84711,-161416
1900-01-01 04:58:15,8002.5,4379,8003.0,21932,46227,2226291,-2180064,-17553
1900-01-01 04:58:30,7988.5,803671,7989.0,109045,53562,444648,-391086,694626
1900-01-01 04:58:45,7990.5,184086,7991.0,117078,294078,706985,-412907,67008
1900-01-01 04:59:00,7990.0,272802,7990.5,148888,37690,978853,-941163,123914
1900-01-01 04:59:15,7988.0,520150,7988.5,136214,45601,743192,-697591,383936
1900-01-01 04:59:30,7999.5,223863,8000.0,682302,637246,224868,412378,-458439
1900-01-01 04:59:45,7991.5,774926,7992.0,17970,158762,331564,-172802,756956
1900-01-01 05:00:00,7993.0,357926,7993.5,39261,64421,196813,-132392,318665
1900-01-01 05:00:15,7993.0,13999,7993.5,803896,576691,674934,-98243,-789897
1900-01-01 05:00:30,7985.0,95857,7987.0,7406,61384,628571,-567187,88451
1900-01-01 05:00:45,7982.0,444607,7982.5,98836,91040,972687,-881647,345771
1900-01-01 05:01:00,7980.0,151835,7980.5,438356,159885,801958,-642073,-286521
1900-01-01 05:01:15,7972.0,196461,7972.5,209712,48168,583996,-535828,-13251
1900-01-01 05:01:30,7971.0,92171,7971.5,176878,149212,922852,-773640,-84707
1900-01-01 05:01:45,7976.0,360018,7976.5,187717,967242,125379,841863,172301
1900-01-01 05:02:00,7971.5,645139,7972.0,69264,340593,131960,208633,575875
1900-01-01 05:02:15,7977.5,546017,7978.0,62075,295070,128968,166102,483942
1900-01-01 05:02:30,7976.0,6036,7976.5,662415,123143,221669,-98526,-656379
1900-01-01 05:02:45,7975.0,290072,7975.5,425457,43320,229842,-186522,-135385
1900-01-01 05:03:00,7971.0,96992,7971.5,485201,146258,220353,-74095,-388209
1900-01-01 05:03:15,7966.0,1131285,7966.5,16124,116635,432649,-316014,1115161
1900-01-01 05:03:30,7975.5,423934,7976.0,8916,1132207,188498,943709,415018
1900-01-01 05:03:45,7983.0,713956,7983.5,172821,161459,169554,-8095,541135
1900-01-01 05:04:00,7983.0,350977,7983.5,125726,287121,224826,62295,225251
1900-01-01 05:04:15,7984.5,104879,7985.0,521982,213885,109136,104749,-417103
1900-01-01 05:04:30,7980.5,296486,7981.0,1088592,80558,242720,-162162,-792106
1900-01-01 05:04:45,7980.0,970853,7980.5,323970,147681,825698,-678017,646883
1900-01-01 05:05:00,7981.5,872652,7982.0,40682,942496,264197,678299,831970
1900-01-01 05:05:15,7994.5,1924659,7995.0,116795,567911,71612,496299,1807864
1900-01-01 05:05:30,7989.5,32383,7990.0,323365,251726,246270,5456,-290982
1900-01-01 05:05:45,7998.0,12664,7998.5,467082,189335,65431,123904,-454418
1900-01-01 05:06:00,7993.0,450855,7993.5,15909,103753,166812,-63059,434946
1900-01-01 05:06:15,7990.5,45203,7991.0,411932,201561,205067,-3506,-366729
1900-01-01 05:06:30,7995.5,22525,7996.0,681148,33119,444931,-411812,-658623
1900-01-01 05:06:45,7992.0,1077997,7992.5,170,267342,46818,220524,1077827
1900-01-01 05:07:00,7996.5,512520,7997.0,276129,541701,70542,471159,236391
1900-01-01 05:07:15,7999.0,1214325,7999.5,187527,511093,24557,486536,1026798
1900-01-01 05:07:30,8008.5,501140,8009.0,267553,666627,97834,568793,233587
1900-01-01 05:07:45,8013.0,348057,8013.5,1681,407649,185321,222328,346376
1900-01-01 05:08:00,8022.5,3105,8023.0,130856,1002210,32364,969846,-127751
1900-01-01 05:08:15,8015.5,1106921,8016.0,43992,408513,342702,65811,1062929
1900-01-01 05:08:30,8023.0,1210585,8023.5,17648,331836,60468,271368,1192937
1900-01-01 05:08:45,8029.5,219815,8030.0,761030,677520,335274,342246,-541215
1900-01-01 05:09:00,8029.0,316321,8029.5,550304,406198,343765,62433,-233983
1900-01-01 05:09:15,8016.0,31424,8016.5,419094,220401,391669,-171268,-387670
1900-01-01 05:09:30,8015.5,30000,8016.0,36233,246544,235140,11404,-6233
1900-01-01 05:09:45,8014.5,314221,8015.0,577521,908304,325391,582913,-263300
1900-01-01 05:10:00,8002.0,62175,8002.5,177300,90903,517022,-426119,-115125
1900-01-01 05:10:15,8008.5,1403,8009.0,214368,98444,289718,-191274,-212965
1900-01-01 05:10:30,8001.0,13969,8001.5,287284,45602,144457,-98855,-273315
1900-01-01 05:11:45,8008.5,333176,8009.0,27602,239223,8376,230847,305574
1900-01-01 05:12:00,8012.0,609501,8012.5,69451,195791,44515,151276,540050
1900-01-01 05:12:15,8012.0,252427,8012.5,645388,35564,51893,-16329,-392961
1900-01-01 05:12:30,8010.5,17367,8011.0,867042,88504,300991,-212487,-849675
1900-01-01 05:12:45,8002.5,356866,8003.0,593589,52871,81918,-29047,-236723
1900-01-01 05:13:00,8000.0,78233,8000.5,938119,193714,498749,-305035,-859886
1900-01-01 05:13:15,8000.0,563102,8000.5,122,19358,189504,-170146,562980
1900-01-01 05:13:30,7990.0,721151,7990.5,274404,116552,708564,-592012,446747
1900-01-01 05:13:45,7993.5,67957,7994.0,497311,201769,214246,-12477,-429354
1900-01-01 05:14:00,7993.5,50536,7994.0,618199,31094,54830,-23736,-567663
1900-01-01 05:14:15,7991.0,306592,7991.5,177048,165916,136062,29854,129544
1900-01-01 05:14:30,7997.0,1240220,7997.5,22310,104482,44085,60397,1217910
1900-01-01 05:14:45,8002.5,179073,8003.0,35000,455479,43565,411914,144073
1900-01-01 05:15:00,8004.5,42409,8005.0,523767,262174,208982,53192,-481358
1900-01-01 05:15:15,8000.0,412366,8000.5,847479,117623,37496,80127,-435113
1900-01-01 05:15:30,7992.0,96886,7992.5,836425,47094,357812,-310718,-739539
1900-01-01 05:15:45,7990.0,123842,7990.5,529218,30850,101002,-70152,-405376
1900-01-01 05:16:00,7982.0,36180,7982.5,856199,6590,355682,-349092,-820019
1900-01-01 05:16:15,7976.5,102468,7977.0,410648,40954,2131785,-2090831,-308180
1900-01-01 05:16:30,7979.5,32092,7980.0,498299,85707,418359,-332652,-466207
1900-01-01 05:16:45,7992.0,152504,7992.5,5040,193842,51614,142228,147464
1900-01-01 05:17:00,7985.5,32,7986.0,35744,201984,153730,48254,-35712
1900-01-01 05:17:15,7985.0,9900,7985.5,377211,661079,405020,256059,-367311
1900-01-01 05:17:30,7975.0,1156427,7975.5,42276,75412,233295,-157883,1114151
1900-01-01 05:17:45,7975.0,490050,7975.5,369754,141901,156736,-14835,120296
1900-01-01 05:18:00,7979.5,179178,7980.0,352247,200487,94328,106159,-173069
1900-01-01 05:18:15,7976.5,232189,7977.0,438756,23706,45193,-21487,-206567
1900-01-01 05:18:30,7975.5,140525,7976.0,566614,77026,278593,-201567,-426089
1900-01-01 05:18:45,7986.5,143374,7987.0,358519,121381,233066,-111685,-215145
1900-01-01 05:19:00,7979.5,354669,7980.0,425247,595003,48526,546477,-70578
1900-01-01 05:19:15,7982.5,232808,7983.0,361072,85434,82112,3322,-128264
1900-01-01 05:19:30,7985.0,128864,7985.5,567452,104689,116327,-11638,-438588
1900-01-01 05:19:45,7983.0,475128,7983.5,812333,410,287193,-286783,-337205
1900-01-01 05:20:00,7975.0,115282,7975.5,677235,11057,221352,-210295,-561953
1900-01-01 05:20:15,7970.0,196058,7970.5,759386,38201,397219,-359018,-563328
1900-01-01 05:20:30,7967.0,45326,7967.5,735791,26503,1686752,-1660249,-690465
1900-01-01 05:20:45,7965.0,40158,7965.5,701099,27480,458705,-431225,-660941
1900-01-01 05:21:00,7969.0,211487,7969.5,13466,191649,105425,86224,198021
1900-01-01 05:21:15,7975.0,207849,7975.5,1179422,250455,273762,-23307,-971573
1900-01-01 05:21:30,7978.5,1066363,7979.0,112683,172672,377280,-204608,953680
1900-01-01 05:21:45,7981.0,495898,7981.5,502036,307921,26962,280959,-6138
1900-01-01 05:22:00,7981.0,468859,7981.5,832013,42209,71456,-29247,-363154
1900-01-01 05:22:15,7981.0,67975,7981.5,1462664,44812,189701,-144889,-1394689
1900-01-01 05:22:30,7977.5,1012016,7978.0,7288,50055,210764,-160709,1004728
1900-01-01 05:22:45,7982.0,1099954,7982.5,39117,358459,103030,255429,1060837
1900-01-01 05:23:00,7982.5,1421468,7983.0,110080,41455,43074,-1619,1311388
1900-01-01 05:23:15,7987.5,528713,7988.0,399,394689,33582,361107,528314
1900-01-01 05:23:30,7994.5,304396,7995.0,716271,362634,16888,345746,-411875
1900-01-01 05:23:45,7991.0,391061,7991.5,657776,126772,122899,3873,-266715
1900-01-01 05:24:00,7991.0,154241,7991.5,451624,75275,66562,8713,-297383
1900-01-01 05:24:15,7990.0,818069,7990.5,215211,178814,722796,-543982,602858
1900-01-01 05:24:30,7982.0,294813,7982.5,256549,25653,1897728,-1872075,38264
1900-01-01 05:24:45,7983.0,1208517,7983.5,1071,38205,66868,-28663,1207446
1900-01-01 05:25:00,7983.0,22028,7983.5,628438,51244,43524,7720,-606410
1900-01-01 05:25:15,7978.0,279918,7978.5,32666,56429,162437,-106008,247252
1900-01-01 05:25:30,7982.5,152918,7983.0,331502,131060,16010,115050,-178584
1900-01-01 05:25:45,7987.0,398708,7987.5,16648,211735,66437,145298,382060
1900-01-01 05:26:00,7978.5,500467,7979.0,155133,33821,23319,10502,345334
1900-01-01 05:26:15,7980.5,121847,7981.0,14257,71090,29907,41183,107590
1900-01-01 05:26:30,7976.0,104690,7976.5,395558,21436,58394,-36958,-290868
1900-01-01 05:26:45,7975.0,28879,7975.5,523693,19404,170081,-150677,-494814
1900-01-01 05:27:00,7977.0,468019,7977.5,13834,116356,37374,78982,454185
1900-01-01 05:27:15,7979.0,280100,7979.5,241278,114186,55080,59106,38822
1900-01-01 05:27:30,7975.5,1311568,7976.0,42081,34504,129034,-94530,1269487
1900-01-01 05:27:45,7978.5,34791,7979.0,531464,61145,40018,21127,-496673
1900-01-01 05:28:00,7978.5,73995,7979.0,745742,6000,22966,-16966,-671747
1900-01-01 05:28:15,7970.5,43002,7971.0,521183,5982,249735,-243753,-478181
1900-01-01 05:28:30,7970.0,627385,7970.5,60713,117786,285515,-167729,566672
1900-01-01 05:28:45,7979.5,68377,7980.0,923064,178332,30654,147678,-854687
1900-01-01 05:29:00,7978.5,455281,7979.0,347606,112835,47223,65612,107675
1900-01-01 05:29:15,7978.5,503310,7979.0,156460,70287,57592,12695,346850
1900-01-01 05:29:30,7978.5,832216,7979.0,183319,30704,8829,21875,648897
1900-01-01 05:29:45,7978.5,291635,7979.0,359060,148525,44260,104265,-67425
1900-01-01 05:30:00,7978.5,15186,7979.0,1968318,27123,100546,-73423,-1953132
1900-01-01 05:30:15,7970.0,143552,7970.5,695145,62151,430560,-368409,-551593
1900-01-01 05:30:30,7963.0,4216,7963.5,47748,65710,509297,-443587,-43532
1900-01-01 05:30:45,7957.0,61629,7957.5,692083,29750,939025,-909275,-630454
1900-01-01 05:31:00,7950.5,454670,7951.0,18690,350692,2743622,-2392930,435980
1900-01-01 05:31:15,7959.5,498116,7960.0,277470,1088468,219981,868487,220646
1900-01-01 05:31:30,7954.5,124170,7955.0,218174,237544,421527,-183983,-94004
1900-01-01 05:31:45,7954.5,279543,7955.0,686715,74778,171808,-97030,-407172
1900-01-01 05:32:00,7951.5,169829,7952.0,810712,39916,322658,-282742,-640883
1900-01-01 05:32:15,7942.0,489689,7942.5,688098,62411,1013650,-951239,-198409
1900-01-01 05:32:30,7942.0,708492,7942.5,452514,297558,536331,-238773,255978
1900-01-01 05:32:45,7952.0,172820,7953.0,7103,612532,179921,432611,165717
1900-01-01 05:33:00,7946.0,808393,7946.5,4469,234851,505801,-270950,803924
1900-01-01 05:33:15,7951.5,569830,7952.0,198350,743903,230005,513898,371480
1900-01-01 05:33:30,7951.5,563657,7952.0,313707,82050,137179,-55129,249950
1900-01-01 05:33:45,7961.0,120035,7967.0,75311,857019,134626,722393,44724
1900-01-01 05:34:00,7978.0,628234,7978.5,4685,571219,30099,541120,623549
1900-01-01 05:34:15,7967.5,41809,7968.0,543289,192601,323142,-130541,-501480
