time,bid,bidSize,ask,askSize,buyMO,sellMO,buySellImb,orderImb,spread
1900-01-20 00:00:00,7255.0,14392,7255.5,474703,10990,54150,-43160,-460311,0.5
1900-01-20 00:00:15,7251.0,412077,7251.5,665739,42895,180178,-137283,-253662,0.5
1900-01-20 00:00:30,7246.0,640,7246.5,684735,18861,333171,-314310,-684095,0.5
1900-01-20 00:00:45,7263.5,51137,7264.0,13058,182186,113420,68766,38079,0.5
1900-01-20 00:01:00,7262.5,78802,7263.0,1006739,159580,88242,71338,-927937,0.5
1900-01-20 00:01:15,7269.0,684600,7269.5,101442,238409,102336,136073,583158,0.5
1900-01-20 00:01:30,7270.5,665569,7271.0,5503,293862,16937,276925,660066,0.5
1900-01-20 00:01:45,7274.0,339577,7274.5,276033,66155,30500,35655,63544,0.5
1900-01-20 00:02:00,7275.5,748348,7276.0,89226,225430,9572,215858,659122,0.5
1900-01-20 00:02:15,7275.5,480707,7276.0,194925,73874,5591,68283,285782,0.5
1900-01-20 00:02:30,7276.0,1015808,7276.5,88547,22745,5183,17562,927261,0.5
1900-01-20 00:02:45,7276.0,1095482,7276.5,31543,34640,28084,6556,1063939,0.5
1900-01-20 00:03:00,7278.5,668,7279.0,423391,100535,82262,18273,-422723,0.5
1900-01-20 00:03:15,7274.0,1012499,7274.5,12252,42495,51353,-8858,1000247,0.5
1900-01-20 00:03:30,7279.5,4991,7280.0,594921,131149,22685,108464,-589930,0.5
1900-01-20 00:03:45,7279.0,115588,7279.5,615827,46002,170180,-124178,-500239,0.5
1900-01-20 00:04:00,7279.0,1107509,7279.5,84560,38935,18948,19987,1022949,0.5
1900-01-20 00:04:15,7292.5,122350,7293.0,73010,205547,8683,196864,49340,0.5
1900-01-20 00:04:30,7288.0,31339,7288.5,120921,254601,186287,68314,-89582,0.5
1900-01-20 00:04:45,7283.5,883989,7284.0,731337,47624,41245,6379,152652,0.5
1900-01-20 00:05:00,7283.5,145386,7284.0,881753,30090,29346,744,-736367,0.5
1900-01-20 00:05:15,7282.5,178489,7283.0,692035,50402,26291,24111,-513546,0.5
1900-01-20 00:05:30,7280.0,122146,7280.5,882976,2230,140968,-138738,-760830,0.5
1900-01-20 00:05:45,7278.0,292729,7278.5,160147,48510,36024,12486,132582,0.5
1900-01-20 00:06:00,7278.0,193899,7278.5,411432,33313,8030,25283,-217533,0.5
1900-01-20 00:06:15,7278.0,309408,7278.5,318694,36476,1234,35242,-9286,0.5
1900-01-20 00:06:30,7278.0,128662,7278.5,965499,8064,50,8014,-836837,0.5
1900-01-20 00:06:45,7277.0,398122,7277.5,943545,5545,17029,-11484,-545423,0.5
1900-01-20 00:07:00,7277.0,358665,7277.5,336491,1941,76379,-74438,22174,0.5
1900-01-20 00:07:15,7278.5,157165,7279.0,36811,47604,9501,38103,120354,0.5
1900-01-20 00:07:30,7284.5,575416,7285.0,38254,41105,37779,3326,537162,0.5
1900-01-20 00:07:45,7284.5,181375,7285.0,490411,8645,18996,-10351,-309036,0.5
1900-01-20 00:08:00,7284.5,868803,7285.0,223744,36308,15484,20824,645059,0.5
1900-01-20 00:08:15,7285.5,462353,7286.0,10,34492,500,33992,462343,0.5
1900-01-20 00:08:30,7291.0,153342,7291.5,726831,112711,44415,68296,-573489,0.5
1900-01-20 00:08:45,7285.0,30062,7285.5,264269,33011,79088,-46077,-234207,0.5
1900-01-20 00:09:00,7285.0,187521,7285.5,413397,10262,25596,-15334,-225876,0.5
1900-01-20 00:09:15,7286.5,529501,7287.0,14067,46440,1666,44774,515434,0.5
1900-01-20 00:09:30,7290.0,705969,7290.5,203,44536,46305,-1769,705766,0.5
1900-01-20 00:09:45,7293.5,460409,7294.0,96804,53388,20208,33180,363605,0.5
1900-01-20 00:10:00,7296.5,434826,7297.0,63788,116844,22868,93976,371038,0.5
1900-01-20 00:10:15,7296.5,31120,7297.0,397569,125296,78850,46446,-366449,0.5
1900-01-20 00:10:30,7291.0,468669,7291.5,58891,5562,18930,-13368,409778,0.5
1900-01-20 00:10:45,7291.0,607046,7291.5,675,78738,8629,70109,606371,0.5
1900-01-20 00:11:00,7291.5,148242,7292.0,601961,22540,23829,-1289,-453719,0.5
1900-01-20 00:11:15,7291.5,412139,7292.0,172069,5836,6409,-573,240070,0.5
1900-01-20 00:11:30,7291.5,587348,7292.0,222122,7520,2550,4970,365226,0.5
1900-01-20 00:11:45,7291.5,374167,7292.0,77777,88017,31300,56717,296390,0.5
1900-01-20 00:12:00,7291.5,125280,7292.0,701186,6,23805,-23799,-575906,0.5
1900-01-20 00:12:15,7289.5,277905,7290.0,887514,1051,27541,-26490,-609609,0.5
1900-01-20 00:12:30,7289.5,166391,7290.0,608988,229,33645,-33416,-442597,0.5
1900-01-20 00:12:45,7286.0,407931,7286.5,202195,32212,93714,-61502,205736,0.5
1900-01-20 00:13:00,7286.0,507863,7286.5,260340,12894,23640,-10746,247523,0.5
1900-01-20 00:13:15,7286.0,469268,7286.5,238894,14939,23640,-8701,230374,0.5
1900-01-20 00:13:30,7286.0,64517,7286.5,687777,3340,2003,1337,-623260,0.5
1900-01-20 00:13:45,7285.0,22476,7285.5,880496,304,22261,-21957,-858020,0.5
1900-01-20 00:14:00,7285.0,670548,7285.5,729201,105,96123,-96018,-58653,0.5
1900-01-20 00:14:15,7285.0,930053,7285.5,274706,16504,10200,6304,655347,0.5
1900-01-20 00:14:30,7285.0,1043615,7285.5,261883,11803,10200,1603,781732,0.5
1900-01-20 00:14:45,7285.0,847551,7285.5,505480,151980,1,151979,342071,0.5
1900-01-20 00:15:00,7285.0,748312,7285.5,799347,7503,7432,71,-51035,0.5
1900-01-20 00:15:15,7285.0,695634,7285.5,779816,6547,10000,-3453,-84182,0.5
1900-01-20 00:15:30,7285.0,784661,7285.5,386014,6288,280,6008,398647,0.5
1900-01-20 00:15:45,7285.0,890675,7285.5,317739,11463,3100,8363,572936,0.5
1900-01-20 00:16:00,7285.0,1323824,7285.5,87673,24394,3100,21294,1236151,0.5
1900-01-20 00:16:15,7285.5,914046,7286.0,37518,45120,3100,42020,876528,0.5
1900-01-20 00:16:30,7287.0,717341,7287.5,33608,50861,3100,47761,683733,0.5
1900-01-20 00:16:45,7287.0,370720,7287.5,136050,18645,4183,14462,234670,0.5
1900-01-20 00:17:00,7287.0,94007,7287.5,687740,12004,1100,10904,-593733,0.5
1900-01-20 00:17:15,7287.0,171357,7287.5,747349,2,2058,-2056,-575992,0.5
1900-01-20 00:17:30,7287.0,375782,7287.5,444150,3100,11907,-8807,-68368,0.5
1900-01-20 00:17:45,7287.0,156262,7287.5,807066,8002,7000,1002,-650804,0.5
1900-01-20 00:18:00,7286.5,105635,7287.0,1081214,76,24560,-24484,-975579,0.5
1900-01-20 00:18:15,7285.5,6257,7286.0,193859,1,48906,-48905,-187602,0.5
1900-01-20 00:18:30,7285.0,150137,7285.5,1486673,5718,541699,-535981,-1336536,0.5
1900-01-20 00:18:45,7275.0,463795,7275.5,216990,1129,148470,-147341,246805,0.5
1900-01-20 00:19:00,7276.5,707932,7277.0,132081,30306,14404,15902,575851,0.5
1900-01-20 00:19:15,7276.5,1146693,7277.0,27999,46543,73129,-26586,1118694,0.5
1900-01-20 00:19:30,7276.5,219144,7277.0,350897,15469,58307,-42838,-131753,0.5
1900-01-20 00:19:45,7276.5,216888,7277.0,484934,914,20674,-19760,-268046,0.5
1900-01-20 00:20:00,7276.5,163531,7277.0,748612,914,24636,-23722,-585081,0.5
1900-01-20 00:20:15,7277.0,18322,7277.5,645339,43260,18784,24476,-627017,0.5
1900-01-20 00:20:30,7275.0,730309,7275.5,194,3223,57099,-53876,730115,0.5
1900-01-20 00:20:45,7277.5,463525,7278.0,1228,8052,26339,-18287,462297,0.5
1900-01-20 00:21:00,7278.5,333387,7279.0,3031,10876,66,10810,330356,0.5
1900-01-20 00:21:15,7279.0,365633,7279.5,890,5561,4000,1561,364743,0.5
1900-01-20 00:21:30,7280.0,138493,7280.5,432967,7724,16137,-8413,-294474,0.5
1900-01-20 00:21:45,7282.0,168934,7282.5,964190,28735,34,28701,-795256,0.5
1900-01-20 00:22:00,7282.0,13129,7282.5,1094206,8800,6957,1843,-1081077,0.5
1900-01-20 00:22:15,7280.0,3641,7280.5,984034,6001,33366,-27365,-980393,0.5
1900-01-20 00:22:30,7277.0,20026,7277.5,412261,500,35050,-34550,-392235,0.5
1900-01-20 00:22:45,7276.5,434439,7277.0,236396,2501,11402,-8901,198043,0.5
1900-01-20 00:23:00,7277.0,895895,7277.5,6998,28436,1501,26935,888897,0.5
1900-01-20 00:23:15,7277.5,319026,7278.0,46313,3684,2237,1447,272713,0.5
1900-01-20 00:23:30,7279.5,435736,7280.0,9034,26008,1471,24537,426702,0.5
1900-01-20 00:23:45,7283.0,251194,7283.5,37691,8048,1878,6170,213503,0.5
1900-01-20 00:24:00,7283.0,566138,7283.5,7976,28360,3088,25272,558162,0.5
1900-01-20 00:24:15,7283.5,659756,7284.0,146889,24446,3088,21358,512867,0.5
1900-01-20 00:24:30,7283.5,56806,7284.0,739426,10116,17726,-7610,-682620,0.5
1900-01-20 00:24:45,7281.5,119241,7282.0,183653,505,19240,-18735,-64412,0.5
1900-01-20 00:25:00,7281.0,1436,7281.5,540919,505,1901,-1396,-539483,0.5
1900-01-20 00:25:15,7281.0,15173,7281.5,590695,4005,1003,3002,-575522,0.5
1900-01-20 00:25:30,7281.0,12727,7281.5,599914,5,47453,-47448,-587187,0.5
1900-01-20 00:25:45,7279.0,356936,7279.5,129807,5005,11525,-6520,227129,0.5
1900-01-20 00:26:00,7279.0,484443,7279.5,138053,779,72,707,346390,0.5
1900-01-20 00:26:15,7279.0,237041,7279.5,176706,10000,6466,3534,60335,0.5
1900-01-20 00:26:30,7279.0,792686,7279.5,27977,12054,32811,-20757,764709,0.5
1900-01-20 00:26:45,7279.0,460462,7279.5,22450,5836,34396,-28560,438012,0.5
1900-01-20 00:27:00,7279.5,104704,7280.0,634,20019,1007,19012,104070,0.5
1900-01-20 00:27:15,7282.5,673610,7283.0,34228,11039,5,11034,639382,0.5
1900-01-20 00:27:30,7283.0,710001,7283.5,191103,82941,4655,78286,518898,0.5
1900-01-20 00:27:45,7283.0,723712,7283.5,169571,76345,600,75745,554141,0.5
1900-01-20 00:28:00,7283.5,1550649,7284.0,265290,28656,4,28652,1285359,0.5
1900-01-20 00:28:15,7285.5,510243,7286.0,6032,51889,4,51885,504211,0.5
1900-01-20 00:28:30,7295.5,385426,7296.0,403842,56332,965,55367,-18416,0.5
1900-01-20 00:28:45,7294.5,3867,7295.0,969118,44023,28882,15141,-965251,0.5
1900-01-20 00:29:00,7295.5,424657,7296.0,91809,224884,28152,196732,332848,0.5
1900-01-20 00:29:15,7297.0,499693,7297.5,506528,279873,23645,256228,-6835,0.5
1900-01-20 00:29:30,7299.0,430549,7299.5,167873,199820,34001,165819,262676,0.5
1900-01-20 00:29:45,7299.0,354158,7299.5,401374,6240,10820,-4580,-47216,0.5
1900-01-20 00:30:00,7299.0,258870,7299.5,788884,7161,23943,-16782,-530014,0.5
1900-01-20 00:30:15,7298.5,3335,7299.0,615066,32883,80710,-47827,-611731,0.5
1900-01-20 00:30:30,7296.5,385236,7297.0,311171,14744,13029,1715,74065,0.5
1900-01-20 00:30:45,7296.5,209472,7297.0,164401,81190,75459,5731,45071,0.5
1900-01-20 00:31:00,7296.5,613699,7297.0,169223,48819,32973,15846,444476,0.5
1900-01-20 00:31:15,7296.5,581052,7297.0,111430,28464,8000,20464,469622,0.5
1900-01-20 00:31:30,7296.5,1040664,7297.0,34998,27161,6926,20235,1005666,0.5
1900-01-20 00:31:45,7297.0,984793,7297.5,52287,27643,31383,-3740,932506,0.5
1900-01-20 00:32:00,7297.0,1179064,7297.5,12147,66321,55140,11181,1166917,0.5
1900-01-20 00:32:15,7299.0,357898,7299.5,383584,109460,10470,98990,-25686,0.5
1900-01-20 00:32:30,7299.0,756334,7299.5,214655,7101,42395,-35294,541679,0.5
1900-01-20 00:32:45,7302.5,486532,7303.0,372790,86058,3653,82405,113742,0.5
1900-01-20 00:33:00,7304.0,367622,7304.5,505422,11077,7410,3667,-137800,0.5
1900-01-20 00:33:15,7304.0,237989,7304.5,592953,8830,53248,-44418,-354964,0.5
1900-01-20 00:33:30,7304.0,31509,7304.5,906441,1073,37609,-36536,-874932,0.5
1900-01-20 00:33:45,7302.0,103467,7302.5,499741,2765,40685,-37920,-396274,0.5
1900-01-20 00:34:00,7302.0,70488,7302.5,540403,4363,29706,-25343,-469915,0.5
1900-01-20 00:34:15,7302.0,2010,7302.5,600513,3545,52846,-49301,-598503,0.5
1900-01-20 00:34:30,7300.0,706609,7300.5,700637,5511,38928,-33417,5972,0.5
1900-01-20 00:34:45,7300.0,1054883,7300.5,116214,24,211959,-211935,938669,0.5
1900-01-20 00:35:00,7306.0,704842,7306.5,45032,36603,9968,26635,659810,0.5
1900-01-20 00:35:15,7307.5,1000447,7308.0,56085,17876,19044,-1168,944362,0.5
1900-01-20 00:35:30,7309.0,1255751,7309.5,239647,18338,150,18188,1016104,0.5
1900-01-20 00:35:45,7309.0,1065657,7309.5,616896,19844,756,19088,448761,0.5
1900-01-20 00:36:00,7309.0,1031925,7309.5,691918,7773,19906,-12133,340007,0.5
1900-01-20 00:36:15,7309.0,344763,7309.5,748904,25057,39381,-14324,-404141,0.5
1900-01-20 00:36:30,7304.5,24149,7305.0,753002,25057,139019,-113962,-728853,0.5
1900-01-20 00:36:45,7303.0,64,7303.5,936271,4726,10108,-5382,-936207,0.5
1900-01-20 00:37:00,7300.0,359068,7300.5,609041,21198,88775,-67577,-249973,0.5
1900-01-20 00:37:15,7297.0,44618,7297.5,628379,22042,83940,-61898,-583761,0.5
1900-01-20 00:37:30,7293.0,55828,7293.5,630884,7720,144759,-137039,-575056,0.5
1900-01-20 00:37:45,7292.0,594443,7292.5,124143,16612,108643,-92031,470300,0.5
1900-01-20 00:38:00,7293.5,243122,7294.0,259250,47469,30139,17330,-16128,0.5
1900-01-20 00:38:15,7294.5,436279,7295.0,5840,66777,2065,64712,430439,0.5
1900-01-20 00:38:30,7296.0,108972,7296.5,336168,8632,8848,-216,-227196,0.5
1900-01-20 00:38:45,7296.0,248568,7296.5,505266,1500,4705,-3205,-256698,0.5
1900-01-20 00:39:00,7296.0,490702,7296.5,165747,6289,5154,1135,324955,0.5
1900-01-20 00:39:15,7290.5,104806,7291.0,728208,6492,160600,-154108,-623402,0.5
1900-01-20 00:39:30,7281.5,472885,7282.0,814318,4595,47382,-42787,-341433,0.5
1900-01-20 00:39:45,7283.5,682642,7284.0,1147,110258,81310,28948,681495,0.5
1900-01-20 00:40:00,7286.0,171723,7286.5,193306,26924,10970,15954,-21583,0.5
1900-01-20 00:40:15,7286.0,1042845,7286.5,91129,6420,1887,4533,951716,0.5
1900-01-20 00:40:30,7287.5,97112,7288.0,483251,23424,221,23203,-386139,0.5
1900-01-20 00:40:45,7285.0,26506,7285.5,643521,1,20346,-20345,-617015,0.5
1900-01-20 00:41:00,7285.0,10273,7285.5,928724,1,6464,-6463,-918451,0.5
1900-01-20 00:41:15,7284.5,44118,7285.0,1119292,100,7997,-7897,-1075174,0.5
1900-01-20 00:41:30,7284.0,52750,7284.5,843021,29000,11915,17085,-790271,0.5
1900-01-20 00:41:45,7284.0,161607,7284.5,493855,3805,22727,-18922,-332248,0.5
1900-01-20 00:42:00,7284.0,557447,7284.5,194740,12506,11122,1384,362707,0.5
1900-01-20 00:42:15,7284.0,500546,7284.5,349724,8914,11599,-2685,150822,0.5
1900-01-20 00:42:30,7284.0,676607,7284.5,224845,1505,41,1464,451762,0.5
1900-01-20 00:42:45,7284.0,651339,7284.5,256291,1500,12038,-10538,395048,0.5
1900-01-20 00:43:00,7284.0,816703,7284.5,109379,104113,2293,101820,707324,0.5
1900-01-20 00:43:15,7284.0,774638,7284.5,64819,5950,4998,952,709819,0.5
1900-01-20 00:43:30,7284.0,447183,7284.5,457103,4000,6262,-2262,-9920,0.5
1900-01-20 00:43:45,7282.0,114227,7282.5,587888,100,15911,-15811,-473661,0.5
1900-01-20 00:44:00,7281.0,6538,7281.5,641394,1,37009,-37008,-634856,0.5
1900-01-20 00:44:15,7279.0,1000625,7279.5,38131,3896,46340,-42444,962494,0.5
1900-01-20 00:44:30,7282.0,697421,7282.5,70435,125905,333083,-207178,626986,0.5
1900-01-20 00:44:45,7282.0,886299,7282.5,6124,23479,4638,18841,880175,0.5
1900-01-20 00:45:00,7281.5,133656,7282.0,180357,21307,47253,-25946,-46701,0.5
1900-01-20 00:45:15,7283.0,645603,7283.5,273,31125,14180,16945,645330,0.5
1900-01-20 00:45:30,7283.5,249943,7284.0,35329,9111,8842,269,214614,0.5
1900-01-20 00:45:45,7284.0,140663,7284.5,9070,26980,50,26930,131593,0.5
1900-01-20 00:46:00,7284.5,685416,7285.0,274846,15045,517,14528,410570,0.5
1900-01-20 00:46:15,7284.5,986764,7285.0,202972,47646,16,47630,783792,0.5
1900-01-20 00:46:30,7284.5,913407,7285.0,128974,74321,414,73907,784433,0.5
1900-01-20 00:46:45,7287.0,633239,7287.5,33057,78509,2,78507,600182,0.5
1900-01-20 00:47:00,7287.5,205188,7288.0,376524,27139,3354,23785,-171336,0.5
1900-01-20 00:47:15,7288.5,308725,7289.0,30378,90893,2007,88886,278347,0.5
1900-01-20 00:47:30,7288.5,443737,7289.0,48920,2209,2007,202,394817,0.5
1900-01-20 00:47:45,7288.5,516637,7289.0,62950,4500,12535,-8035,453687,0.5
1900-01-20 00:48:00,7288.5,382391,7289.0,55746,9887,2507,7380,326645,0.5
1900-01-20 00:48:15,7290.5,823456,7291.0,14686,65611,2507,63104,808770,0.5
1900-01-20 00:48:30,7291.5,60907,7292.0,404497,10278,60,10218,-343590,0.5
1900-01-20 00:48:45,7292.0,360428,7292.5,14511,3314,6886,-3572,345917,0.5
1900-01-20 00:49:00,7292.5,249570,7293.0,19911,16539,2101,14438,229659,0.5
1900-01-20 00:49:15,7294.0,462565,7294.5,1254,8128,55,8073,461311,0.5
1900-01-20 00:49:30,7295.0,771234,7295.5,33104,89205,165,89040,738130,0.5
1900-01-20 00:49:45,7297.5,172280,7298.0,559814,11395,14695,-3300,-387534,0.5
1900-01-20 00:50:00,7298.5,1234398,7299.0,899,27444,265,27179,1233499,0.5
1900-01-20 00:50:15,7304.0,9,7304.5,786249,85373,18700,66673,-786240,0.5
1900-01-20 00:50:30,7302.5,160924,7303.0,252000,15756,10515,5241,-91076,0.5
1900-01-20 00:50:45,7302.5,230885,7303.0,335272,5877,53695,-47818,-104387,0.5
1900-01-20 00:51:00,7302.5,83508,7303.0,622863,1814,23330,-21516,-539355,0.5
1900-01-20 00:51:15,7302.5,39159,7303.0,832949,3201,19946,-16745,-793790,0.5
1900-01-20 00:51:30,7299.5,74499,7300.0,624599,655,12730,-12075,-550100,0.5
1900-01-20 00:51:45,7299.5,25139,7300.0,648416,28,13648,-13620,-623277,0.5
1900-01-20 00:52:00,7297.5,151170,7298.0,559589,1993,26195,-24202,-408419,0.5
1900-01-20 00:52:15,7297.5,159638,7298.0,537624,25114,7475,17639,-377986,0.5
1900-01-20 00:52:30,7297.5,85077,7298.0,708582,21,4650,-4629,-623505,0.5
1900-01-20 00:52:45,7297.0,60199,7297.5,613658,12294,7882,4412,-553459,0.5
1900-01-20 00:53:00,7293.5,5120,7294.0,482434,15163,114890,-99727,-477314,0.5
1900-01-20 00:53:15,7292.5,438858,7293.0,207757,6193,108978,-102785,231101,0.5
1900-01-20 00:53:30,7292.5,33903,7293.0,675068,2613,12600,-9987,-641165,0.5
1900-01-20 00:53:45,7292.5,27593,7293.0,652795,1709,1035,674,-625202,0.5
1900-01-20 00:54:00,7292.5,550010,7293.0,64808,33079,1205,31874,485202,0.5
1900-01-20 00:54:15,7292.5,457387,7293.0,482640,1777,7756,-5979,-25253,0.5
1900-01-20 00:54:30,7292.5,890995,7293.0,82634,6154,5600,554,808361,0.5
1900-01-20 00:54:45,7293.0,2910964,7293.5,6215,10240,24,10216,2904749,0.5
1900-01-20 00:55:00,7297.0,2420304,7297.5,149477,28195,1,28194,2270827,0.5
1900-01-20 00:55:15,7303.0,1927188,7303.5,74294,59459,1337,58122,1852894,0.5
1900-01-20 00:55:30,7306.0,890909,7306.5,1023207,143597,1899,141698,-132298,0.5
1900-01-20 00:55:45,7306.0,666693,7306.5,778711,100559,38112,62447,-112018,0.5
1900-01-20 00:56:00,7306.0,979852,7306.5,911264,2700,27617,-24917,68588,0.5
1900-01-20 00:56:15,7306.0,803007,7306.5,1067237,55,21270,-21215,-264230,0.5
1900-01-20 00:56:30,7306.0,801239,7306.5,1096089,2128,24881,-22753,-294850,0.5
1900-01-20 00:56:45,7306.0,937073,7306.5,1221072,3046,2581,465,-283999,0.5
1900-01-20 00:57:00,7306.0,815179,7306.5,1278464,3046,22526,-19480,-463285,0.5
1900-01-20 00:57:15,7306.0,742195,7306.5,1103961,24842,166905,-142063,-361766,0.5
1900-01-20 00:57:30,7306.0,694367,7306.5,1089492,5039,42765,-37726,-395125,0.5
1900-01-20 00:57:45,7300.5,3568,7301.0,571961,536,72869,-72333,-568393,0.5
1900-01-20 00:58:00,7299.0,406101,7299.5,277309,350,31163,-30813,128792,0.5
1900-01-20 00:58:15,7299.0,602193,7299.5,372080,3033,6457,-3424,230113,0.5
1900-01-20 00:58:30,7299.0,676055,7299.5,378935,380,3500,-3120,297120,0.5
1900-01-20 00:58:45,7299.0,100541,7299.5,672002,2033,3722,-1689,-571461,0.5
1900-01-20 00:59:00,7299.0,87781,7299.5,759034,2033,25944,-23911,-671253,0.5
1900-01-20 00:59:15,7295.0,123946,7295.5,539181,3026,81559,-78533,-415235,0.5
1900-01-20 00:59:30,7295.0,5373,7295.5,766009,24,16211,-16187,-760636,0.5
1900-01-20 00:59:45,7293.5,359459,7294.0,319494,225,6155,-5930,39965,0.5
1900-01-20 01:00:00,7293.5,690064,7294.0,254911,1866,731,1135,435153,0.5
1900-01-20 01:00:15,7293.5,764535,7294.0,172349,14204,8720,5484,592186,0.5
1900-01-20 01:00:30,7299.5,888969,7300.0,59471,53927,8720,45207,829498,0.5
1900-01-20 01:00:45,7302.0,213752,7302.5,733659,35413,5001,30412,-519907,0.5
1900-01-20 01:01:00,7302.0,927074,7302.5,246262,6444,4847,1597,680812,0.5
1900-01-20 01:01:15,7302.0,1354793,7302.5,53036,68456,17340,51116,1301757,0.5
1900-01-20 01:01:30,7303.5,1148311,7304.0,2808,29838,1050,28788,1145503,0.5
1900-01-20 01:01:45,7305.5,1422730,7306.0,10174,27037,210,26827,1412556,0.5
1900-01-20 01:02:00,7310.0,2312193,7310.5,2796,159551,305,159246,2309397,0.5
1900-01-20 01:02:15,7314.0,1423004,7314.5,31124,192593,649,191944,1391880,0.5
1900-01-20 01:02:30,7314.5,1230904,7315.0,1855563,83415,41614,41801,-624659,0.5
1900-01-20 01:02:45,7316.5,1424166,7317.0,17973,1310950,21361,1289589,1406193,0.5
1900-01-20 01:03:00,7316.5,1361043,7317.0,87165,184758,11000,173758,1273878,0.5
1900-01-20 01:03:15,7318.5,100297,7319.0,350286,136416,19865,116551,-249989,0.5
1900-01-20 01:03:30,7318.5,891603,7319.0,402251,41861,13551,28310,489352,0.5
1900-01-20 01:03:45,7318.5,312592,7319.0,504911,15908,77879,-61971,-192319,0.5
1900-01-20 01:04:00,7318.5,293057,7319.0,767457,4302,33504,-29202,-474400,0.5
1900-01-20 01:04:15,7318.5,272235,7319.0,681091,11327,83064,-71737,-408856,0.5
1900-01-20 01:04:30,7318.5,228371,7319.0,717014,202213,57180,145033,-488643,0.5
1900-01-20 01:04:45,7318.5,11957,7319.0,1425332,60391,151261,-90870,-1413375,0.5
1900-01-20 01:05:00,7316.0,49,7316.5,1476100,16937,132663,-115726,-1476051,0.5
1900-01-20 01:05:15,7314.0,11038,7314.5,1362880,232,35584,-35352,-1351842,0.5
1900-01-20 01:05:30,7312.5,23666,7313.0,1076007,5121,44764,-39643,-1052341,0.5
1900-01-20 01:05:45,7311.5,8208,7312.0,948358,5214,62063,-56849,-940150,0.5
1900-01-20 01:06:00,7311.5,461424,7312.0,888933,7011,15520,-8509,-427509,0.5
1900-01-20 01:06:15,7311.5,1045100,7312.0,213612,12642,49401,-36759,831488,0.5
1900-01-20 01:06:30,7317.5,517775,7318.0,266154,75638,4001,71637,251621,0.5
1900-01-20 01:06:45,7325.0,343871,7325.5,527497,122447,57384,65063,-183626,0.5
1900-01-20 01:07:00,7329.0,1116755,7329.5,83208,332489,48463,284026,1033547,0.5
1900-01-20 01:07:15,7332.0,1433030,7332.5,4407,482073,26509,455564,1428623,0.5
1900-01-20 01:07:30,7338.5,485484,7339.0,692290,219325,38903,180422,-206806,0.5
1900-01-20 01:07:45,7334.0,538635,7334.5,127152,74722,260144,-185422,411483,0.5
1900-01-20 01:08:00,7334.0,346633,7334.5,359123,38691,223734,-185043,-12490,0.5
1900-01-20 01:08:15,7346.5,83833,7347.0,1078909,556357,127409,428948,-995076,0.5
1900-01-20 01:08:30,7365.0,120516,7369.5,2341,1947487,264943,1682544,118175,4.5
1900-01-20 01:08:45,7354.5,22058,7355.0,258,605668,254425,351243,21800,0.5
1900-01-20 01:09:00,7366.0,9707,7366.5,57366,242874,249153,-6279,-47659,0.5
1900-01-20 01:09:15,7364.0,616908,7364.5,80312,142076,125985,16091,536596,0.5
1900-01-20 01:09:30,7369.5,81191,7370.0,1445331,329061,113438,215623,-1364140,0.5
1900-01-20 01:09:45,7374.5,314799,7375.0,136846,629767,218316,411451,177953,0.5
1900-01-20 01:10:00,7378.5,262842,7379.0,196044,490457,43057,447400,66798,0.5
1900-01-20 01:10:15,7386.0,103750,7386.5,40393,468227,106333,361894,63357,0.5
1900-01-20 01:10:30,7383.0,588793,7383.5,26181,201237,469656,-268419,562612,0.5
1900-01-20 01:10:45,7390.5,71383,7391.0,38940,256795,345045,-88250,32443,0.5
1900-01-20 01:11:00,7390.0,135958,7390.5,950104,120446,2121576,-2001130,-814146,0.5
1900-01-20 01:11:15,7385.0,848078,7385.5,186798,223403,677932,-454529,661280,0.5
1900-01-20 01:11:30,7384.5,39456,7385.0,297772,52995,282089,-229094,-258316,0.5
1900-01-20 01:11:45,7385.5,26417,7386.0,12042,99768,70387,29381,14375,0.5
1900-01-20 01:12:00,7395.5,16895,7396.5,1600,101358,1402234,-1300876,15295,1.0
1900-01-20 01:12:15,7395.0,152273,7395.5,557250,201132,781869,-580737,-404977,0.5
1900-01-20 01:12:30,7398.5,641705,7399.0,220606,624181,230834,393347,421099,0.5
1900-01-20 01:12:45,7399.5,1157298,7400.0,391337,771949,122540,649409,765961,0.5
1900-01-20 01:13:00,7395.5,231177,7396.0,237202,155774,96461,59313,-6025,0.5
1900-01-20 01:13:15,7395.0,525070,7395.5,563195,20526,1208653,-1188127,-38125,0.5
1900-01-20 01:13:30,7398.0,261378,7398.5,331162,132697,934604,-801907,-69784,0.5
1900-01-20 01:13:45,7398.5,1023529,7399.0,13581,73326,580535,-507209,1009948,0.5
1900-01-20 01:14:00,7418.5,16403,7419.0,36000,1259581,155870,1103711,-19597,0.5
1900-01-20 01:14:15,7421.5,4535,7428.5,164914,2365967,561475,1804492,-160379,7.0
1900-01-20 01:14:30,7429.5,309965,7430.0,120211,250394,270566,-20172,189754,0.5
1900-01-20 01:14:45,7440.0,313330,7440.5,210693,157161,1346860,-1189699,102637,0.5
1900-01-20 01:15:00,7449.5,198023,7450.0,718470,837865,156159,681706,-520447,0.5
1900-01-20 01:15:15,7448.5,127273,7449.0,270080,229450,187411,42039,-142807,0.5
1900-01-20 01:15:30,7446.0,503941,7446.5,51731,701721,450703,251018,452210,0.5
1900-01-20 01:15:45,7455.0,999794,7455.5,133646,499034,103950,395084,866148,0.5
1900-01-20 01:16:00,7461.5,651663,7462.0,2231,560302,67623,492679,649432,0.5
1900-01-20 01:16:15,7459.0,21935,7459.5,209508,385581,160721,224860,-187573,0.5
1900-01-20 01:16:30,7455.0,36484,7456.5,39956,207591,933438,-725847,-3472,1.5
1900-01-20 01:16:45,7440.0,366221,7440.5,62933,98507,750252,-651745,303288,0.5
1900-01-20 01:17:00,7428.0,39312,7428.5,115635,28785,841017,-812232,-76323,0.5
1900-01-20 01:17:15,7436.0,58500,7436.5,10376,222020,842604,-620584,48124,0.5
1900-01-20 01:17:30,7444.0,33943,7444.5,16000,241675,385352,-143677,17943,0.5
1900-01-20 01:17:45,7454.5,283184,7455.0,430912,373904,128902,245002,-147728,0.5
1900-01-20 01:18:00,7473.5,867418,7474.0,1316597,398457,241077,157380,-449179,0.5
1900-01-20 01:18:15,7496.0,29472,7499.0,951642,2650396,183235,2467161,-922170,3.0
1900-01-20 01:18:30,7511.5,34539,7514.0,74332,3599612,212359,3387253,-39793,2.5
1900-01-20 01:18:45,7512.5,34678,7513.0,76770,2443603,420174,2023429,-42092,0.5
1900-01-20 01:19:00,7499.0,13839,7499.5,11454,519279,733761,-214482,2385,0.5
1900-01-20 01:19:15,7489.5,1199281,7490.0,8029,1525480,569244,956236,1191252,0.5
1900-01-20 01:19:30,7493.5,33862,7494.0,295634,484544,599369,-114825,-261772,0.5
1900-01-20 01:19:45,7508.0,81899,7508.5,16739,587547,435892,151655,65160,0.5
1900-01-20 01:20:00,7521.0,4521,7521.5,20000,630408,306479,323929,-15479,0.5
1900-01-20 01:20:15,7554.5,3832,7555.5,3000,3317817,384805,2933012,832,1.0
1900-01-20 01:20:30,7550.0,46188,7550.5,10000,517374,591753,-74379,36188,0.5
1900-01-20 01:20:45,7550.0,147349,7550.5,259,220273,1918033,-1697760,147090,0.5
1900-01-20 01:21:00,7547.0,16390,7547.5,19577,173164,560909,-387745,-3187,0.5
1900-01-20 01:21:15,7555.5,147375,7560.0,172048,999187,296499,702688,-24673,4.5
1900-01-20 01:21:30,7569.5,600,7571.0,79034,551304,171408,379896,-78434,1.5
1900-01-20 01:21:45,7578.0,10000,7578.5,2000,895940,242912,653028,8000,0.5
1900-01-20 01:22:00,7572.0,315631,7572.5,231465,662942,494608,168334,84166,0.5
1900-01-20 01:22:15,7559.5,173565,7560.0,81576,209089,699363,-490274,91989,0.5
1900-01-20 01:22:30,7553.0,185009,7553.5,124813,345974,753840,-407866,60196,0.5
1900-01-20 01:22:45,7549.5,180173,7550.0,48151,535411,483138,52273,132022,0.5
1900-01-20 01:23:00,7559.5,428157,7560.0,46881,235385,228755,6630,381276,0.5
1900-01-20 01:23:15,7572.5,109361,7573.0,216035,1066030,155605,910425,-106674,0.5
1900-01-20 01:23:30,7560.5,235150,7561.0,364956,367584,294544,73040,-129806,0.5
1900-01-20 01:23:45,7550.5,446591,7551.0,112313,274616,377285,-102669,334278,0.5
1900-01-20 01:24:00,7550.0,416884,7550.5,85825,119152,378369,-259217,331059,0.5
1900-01-20 01:24:15,7540.5,2546,7541.0,312021,118890,1153183,-1034293,-309475,0.5
1900-01-20 01:24:30,7530.0,118623,7530.5,278547,42434,1166225,-1123791,-159924,0.5
1900-01-20 01:24:45,7520.0,57563,7520.5,19573,223887,634544,-410657,37990,0.5
1900-01-20 01:25:00,7520.0,111714,7520.5,39330,248877,2047616,-1798739,72384,0.5
1900-01-20 01:25:15,7528.0,483953,7528.5,168355,338578,690693,-352115,315598,0.5
1900-01-20 01:25:30,7536.5,112940,7537.5,36084,532400,352751,179649,76856,1.0
1900-01-20 01:25:45,7536.0,241310,7536.5,164748,289546,125812,163734,76562,0.5
1900-01-20 01:26:00,7531.0,24988,7531.5,372759,125166,400612,-275446,-347771,0.5
1900-01-20 01:26:15,7533.5,149800,7534.0,58,346220,359812,-13592,149742,0.5
1900-01-20 01:26:30,7542.5,156868,7543.0,392732,218003,305316,-87313,-235864,0.5
1900-01-20 01:26:45,7528.5,624298,7529.0,99654,201596,144815,56781,524644,0.5
1900-01-20 01:27:00,7530.5,4129,7531.0,84393,117993,231226,-113233,-80264,0.5
1900-01-20 01:27:15,7557.0,221171,7557.5,683,125198,237491,-112293,220488,0.5
1900-01-20 01:27:30,7548.5,12304,7549.0,117213,237835,503617,-265782,-104909,0.5
1900-01-20 01:27:45,7555.0,86172,7555.5,83860,167363,470875,-303512,2312,0.5
1900-01-20 01:28:00,7554.0,1473,7554.5,239850,311312,258780,52532,-238377,0.5
1900-01-20 01:28:15,7545.5,811164,7546.0,352484,129735,242219,-112484,458680,0.5
1900-01-20 01:28:30,7553.5,227403,7554.0,147363,521594,154612,366982,80040,0.5
1900-01-20 01:28:45,7550.0,93037,7550.5,8000,214754,157600,57154,85037,0.5
1900-01-20 01:29:00,7546.0,339295,7546.5,127351,295224,174303,120921,211944,0.5
1900-01-20 01:29:15,7549.5,43000,7550.0,16027,540775,127180,413595,26973,0.5
1900-01-20 01:29:30,7563.0,146332,7563.5,265877,284337,72236,212101,-119545,0.5
1900-01-20 01:29:45,7569.5,1863187,7570.0,23422,370558,144067,226491,1839765,0.5
1900-01-20 01:30:00,7577.0,108265,7577.5,17525,942037,13528,928509,90740,0.5
1900-01-20 01:30:15,7592.0,6218,7598.0,460808,2172536,159256,2013280,-454590,6.0
1900-01-20 01:30:30,7599.5,58504,7600.0,215927,1885088,416628,1468460,-157423,0.5
1900-01-20 01:30:45,7615.5,83066,7616.0,36152,2194657,126572,2068085,46914,0.5
1900-01-20 01:31:00,7600.0,514018,7600.5,14193,1083583,554496,529087,499825,0.5
1900-01-20 01:31:15,7588.0,29153,7588.5,482791,151363,787102,-635739,-453638,0.5
1900-01-20 01:31:30,7589.0,27998,7589.5,3796,197783,333522,-135739,24202,0.5
1900-01-20 01:31:45,7602.0,79201,7602.5,307635,573452,146319,427133,-228434,0.5
1900-01-20 01:32:00,7600.5,72230,7601.0,216122,350989,388648,-37659,-143892,0.5
1900-01-20 01:32:15,7608.5,14608,7609.0,58021,632586,247965,384621,-43413,0.5
1900-01-20 01:32:30,7614.0,253435,7614.5,323958,1086205,144491,941714,-70523,0.5
1900-01-20 01:32:45,7625.0,1236066,7625.5,234486,1307449,182364,1125085,1001580,0.5
1900-01-20 01:33:00,7629.5,88802,7630.0,465290,890899,1000653,-109754,-376488,0.5
1900-01-20 01:33:15,7637.0,75234,7638.5,5906,531848,473103,58745,69328,1.5
1900-01-20 01:33:30,7640.5,86251,7641.0,70519,780369,593404,186965,15732,0.5
1900-01-20 01:33:45,7640.0,115901,7640.5,89245,372053,810822,-438769,26656,0.5
1900-01-20 01:34:00,7617.0,6850,7617.5,74775,100517,642255,-541738,-67925,0.5
1900-01-20 01:34:15,7610.0,1010,7612.0,84400,167135,689646,-522511,-83390,2.0
1900-01-20 01:34:30,7585.0,56574,7585.5,154581,161312,1761623,-1600311,-98007,0.5
1900-01-20 01:34:45,7600.0,205823,7600.5,10528,374311,618925,-244614,195295,0.5
1900-01-20 01:35:00,7620.5,159820,7621.0,164179,448663,170362,278301,-4359,0.5
1900-01-20 01:35:15,7623.0,9545,7623.5,339496,667898,402741,265157,-329951,0.5
1900-01-20 01:35:30,7622.5,18998,7623.0,109251,290485,325623,-35138,-90253,0.5
1900-01-20 01:35:45,7623.5,12817,7624.0,244824,367899,150366,217533,-232007,0.5
1900-01-20 01:36:00,7623.5,276968,7624.0,490717,214975,419883,-204908,-213749,0.5
1900-01-20 01:36:15,7629.0,338223,7629.5,43787,378325,169674,208651,294436,0.5
1900-01-20 01:36:30,7643.0,214099,7643.5,54615,229502,87877,141625,159484,0.5
1900-01-20 01:36:45,7633.0,69570,7637.0,1198084,339886,172856,167030,-1128514,4.0
1900-01-20 01:37:00,7621.0,41570,7621.5,921557,144969,689155,-544186,-879987,0.5
1900-01-20 01:37:15,7610.5,466321,7611.0,71798,167195,622431,-455236,394523,0.5
1900-01-20 01:37:30,7582.0,127491,7593.5,30037,80955,782472,-701517,97454,11.5
1900-01-20 01:37:45,7597.5,6000,7598.0,22148,241142,599074,-357932,-16148,0.5
1900-01-20 01:38:00,7599.5,765092,7600.0,15009,199440,210820,-11380,750083,0.5
1900-01-20 01:38:15,7598.0,2170,7598.5,434738,84000,196846,-112846,-432568,0.5
1900-01-20 01:38:30,7591.0,227649,7591.5,88321,73214,423033,-349819,139328,0.5
1900-01-20 01:38:45,7576.5,86087,7577.0,11596,64488,552006,-487518,74491,0.5
1900-01-20 01:39:00,7577.5,284452,7578.0,19800,158016,1107226,-949210,264652,0.5
1900-01-20 01:39:15,7565.0,274514,7565.5,283775,166590,1546984,-1380394,-9261,0.5
1900-01-20 01:39:30,7571.0,9749,7571.5,16062,539165,611837,-72672,-6313,0.5
1900-01-20 01:39:45,7578.5,235648,7579.0,32949,253113,168927,84186,202699,0.5
1900-01-20 01:40:00,7587.5,2196769,7588.0,38511,471825,258870,212955,2158258,0.5
1900-01-20 01:40:15,7590.0,154169,7590.5,5391,481894,312463,169431,148778,0.5
1900-01-20 01:40:30,7581.5,17215,7582.0,54000,282885,349710,-66825,-36785,0.5
1900-01-20 01:40:45,7580.0,297071,7580.5,461853,101689,108138,-6449,-164782,0.5
1900-01-20 01:41:00,7570.5,456203,7571.0,247905,313304,227115,86189,208298,0.5
1900-01-20 01:41:15,7587.0,45947,7587.5,16493,608237,62458,545779,29454,0.5
1900-01-20 01:41:30,7588.5,145976,7589.0,64938,293186,208359,84827,81038,0.5
1900-01-20 01:41:45,7596.0,50026,7596.5,349480,99473,123862,-24389,-299454,0.5
1900-01-20 01:42:00,7585.0,1328879,7585.5,82979,41454,303610,-262156,1245900,0.5
1900-01-20 01:42:15,7579.5,61318,7580.0,294706,86138,957919,-871781,-233388,0.5
1900-01-20 01:42:30,7587.5,703874,7588.0,101331,152882,69022,83860,602543,0.5
1900-01-20 01:42:45,7573.5,1152964,7574.0,75000,44199,302733,-258534,1077964,0.5
1900-01-20 01:43:00,7583.5,67126,7584.0,447027,240409,38910,201499,-379901,0.5
1900-01-20 01:43:15,7580.0,102981,7580.5,631496,50215,338506,-288291,-528515,0.5
1900-01-20 01:43:30,7580.0,261691,7580.5,308156,206812,199942,6870,-46465,0.5
1900-01-20 01:43:45,7575.5,6633,7576.5,4386,41361,670901,-629540,2247,1.0
1900-01-20 01:44:00,7571.5,16440,7572.0,8025,122535,510684,-388149,8415,0.5
1900-01-20 01:44:15,7569.5,20,7570.0,152452,267828,795988,-528160,-152432,0.5
1900-01-20 01:44:30,7579.5,165240,7580.0,149255,171958,148468,23490,15985,0.5
1900-01-20 01:44:45,7566.5,812299,7567.0,29841,77005,573833,-496828,782458,0.5
1900-01-20 01:45:00,7566.5,436442,7567.0,211674,198955,57438,141517,224768,0.5
1900-01-20 01:45:15,7561.0,18770,7561.5,87228,55441,272053,-216612,-68458,0.5
1900-01-20 01:45:30,7555.0,90434,7555.5,134550,28622,197526,-168904,-44116,0.5
1900-01-20 01:45:45,7558.5,176257,7559.0,41534,1075597,437722,637875,134723,0.5
1900-01-20 01:46:00,7572.5,11172,7573.0,903788,397037,250667,146370,-892616,0.5
1900-01-20 01:46:15,7567.5,15706,7568.0,648422,30799,1162587,-1131788,-632716,0.5
1900-01-20 01:46:30,7579.5,1348446,7580.0,204607,277661,39369,238292,1143839,0.5
1900-01-20 01:46:45,7579.5,150919,7580.0,495693,291165,256610,34555,-344774,0.5
1900-01-20 01:47:00,7590.0,679315,7590.5,16412,230936,75196,155740,662903,0.5
1900-01-20 01:47:15,7589.5,1047468,7590.0,5455,183305,135997,47308,1042013,0.5
1900-01-20 01:47:30,7602.0,105512,7602.5,460480,611524,232848,378676,-354968,0.5
1900-01-20 01:47:45,7599.5,348809,7600.0,1497219,430003,394152,35851,-1148410,0.5
1900-01-20 01:48:00,7614.0,78000,7615.0,1435055,470561,319661,150900,-1357055,1.0
1900-01-20 01:48:15,7606.0,101960,7606.5,33858,588253,489440,98813,68102,0.5
1900-01-20 01:48:30,7602.0,368138,7602.5,2321,211176,307673,-96497,365817,0.5
1900-01-20 01:48:45,7602.5,129046,7603.0,116131,121858,165829,-43971,12915,0.5
1900-01-20 01:49:00,7609.5,219571,7610.0,411285,490526,109899,380627,-191714,0.5
1900-01-20 01:49:15,7605.0,616960,7605.5,125500,70022,172874,-102852,491460,0.5
1900-01-20 01:49:30,7596.5,121444,7597.0,405183,44085,502857,-458772,-283739,0.5
1900-01-20 01:49:45,7597.5,666471,7598.0,488913,133577,154347,-20770,177558,0.5
1900-01-20 01:50:00,7604.5,307754,7605.0,390240,221505,91997,129508,-82486,0.5
1900-01-20 01:50:15,7608.5,572939,7609.0,123625,69136,105433,-36297,449314,0.5
1900-01-20 01:50:30,7612.0,145590,7612.5,59153,352239,43591,308648,86437,0.5
1900-01-20 01:50:45,7621.5,290164,7622.0,13573,1223656,24628,1199028,276591,0.5
1900-01-20 01:51:00,7624.0,294374,7626.0,16000,717601,207561,510040,278374,2.0
1900-01-20 01:51:15,7636.0,43405,7636.5,26362,516169,79709,436460,17043,0.5
1900-01-20 01:51:30,7624.0,124173,7624.5,471270,90463,358600,-268137,-347097,0.5
1900-01-20 01:51:45,7599.5,275236,7600.0,2464543,1087757,461131,626626,-2189307,0.5
1900-01-20 01:52:00,7590.5,19806,7591.0,47000,1128589,459087,669502,-27194,0.5
1900-01-20 01:52:15,7594.5,971939,7595.0,7678,66989,399532,-332543,964261,0.5
1900-01-20 01:52:30,7594.5,99845,7595.0,580418,514096,98318,415778,-480573,0.5
1900-01-20 01:52:45,7597.5,596113,7598.0,65725,342921,89825,253096,530388,0.5
1900-01-20 01:53:00,7590.0,136267,7590.5,505660,70442,118796,-48354,-369393,0.5
1900-01-20 01:53:15,7588.5,58719,7589.0,761466,66008,164699,-98691,-702747,0.5
1900-01-20 01:53:30,7588.5,232038,7589.0,354614,168250,261243,-92993,-122576,0.5
1900-01-20 01:53:45,7584.5,641150,7585.0,203209,113823,107747,6076,437941,0.5
1900-01-20 01:54:00,7586.0,365618,7586.5,297947,270976,22967,248009,67671,0.5
1900-01-20 01:54:15,7589.0,382324,7589.5,24026,70990,25684,45306,358298,0.5
1900-01-20 01:54:30,7593.0,309008,7593.5,126996,98128,60193,37935,182012,0.5
1900-01-20 01:54:45,7591.0,8058,7591.5,463851,91912,144209,-52297,-455793,0.5
1900-01-20 01:55:00,7599.0,216371,7599.5,31444,182839,132222,50617,184927,0.5
1900-01-20 01:55:15,7600.5,327873,7601.0,5082,1293945,50316,1243629,322791,0.5
1900-01-20 01:55:30,7605.5,46760,7606.0,149162,403232,53419,349813,-102402,0.5
1900-01-20 01:55:45,7597.5,40,7598.0,27902,203720,183206,20514,-27862,0.5
1900-01-20 01:56:00,7591.0,407699,7591.5,7940,34827,133399,-98572,399759,0.5
1900-01-20 01:56:15,7586.0,18259,7586.5,442067,24915,88250,-63335,-423808,0.5
1900-01-20 01:56:30,7590.0,790570,7590.5,6925,163354,1304472,-1141118,783645,0.5
1900-01-20 01:56:45,7593.5,432845,7594.0,224487,81263,66796,14467,208358,0.5
1900-01-20 01:57:00,7599.5,52086,7600.0,117369,169167,33231,135936,-65283,0.5
1900-01-20 01:57:15,7589.5,363846,7590.0,165,305969,461178,-155209,363681,0.5
1900-01-20 01:57:30,7597.0,267792,7597.5,212766,117755,20908,96847,55026,0.5
1900-01-20 01:57:45,7593.5,540206,7594.0,5847,174000,217152,-43152,534359,0.5
1900-01-20 01:58:00,7600.0,356195,7600.5,23339,108838,16382,92456,332856,0.5
1900-01-20 01:58:15,7604.5,214300,7605.0,37883,87129,42760,44369,176417,0.5
1900-01-20 01:58:30,7612.0,180178,7612.5,110564,185489,33834,151655,69614,0.5
1900-01-20 01:58:45,7603.5,345564,7604.0,122009,141448,146347,-4899,223555,0.5
1900-01-20 01:59:00,7610.5,309665,7611.0,19043,107818,47822,59996,290622,0.5
1900-01-20 01:59:15,7607.0,485232,7607.5,225131,13828,127875,-114047,260101,0.5
1900-01-20 01:59:30,7604.0,557209,7604.5,341259,200802,170800,30002,215950,0.5
1900-01-20 01:59:45,7604.5,339943,7605.0,104273,56929,27472,29457,235670,0.5
1900-01-20 02:00:00,7604.5,921594,7605.0,25409,35644,47442,-11798,896185,0.5
1900-01-20 02:00:15,7623.5,14877,7624.0,36000,737601,81720,655881,-21123,0.5
1900-01-20 02:00:30,7624.5,10000,7630.0,41845,823183,503509,319674,-31845,5.5
1900-01-20 02:00:45,7629.5,199885,7630.0,42446,387640,42316,345324,157439,0.5
1900-01-20 02:01:00,7626.5,302053,7627.0,10000,239259,292089,-52830,292053,0.5
1900-01-20 02:01:15,7634.5,308077,7635.0,250935,475213,116073,359140,57142,0.5
1900-01-20 02:01:30,7630.5,552042,7631.0,80972,113069,106854,6215,471070,0.5
1900-01-20 02:01:45,7627.5,361987,7628.0,14071,355213,488966,-133753,347916,0.5
1900-01-20 02:02:00,7633.0,324671,7633.5,132764,353723,193153,160570,191907,0.5
1900-01-20 02:02:15,7622.5,897,7623.0,180101,47646,375605,-327959,-179204,0.5
1900-01-20 02:02:30,7612.5,298128,7613.0,163057,81073,499644,-418571,135071,0.5
1900-01-20 02:02:45,7620.0,678128,7620.5,213194,208499,62010,146489,464934,0.5
1900-01-20 02:03:00,7616.0,375111,7616.5,226727,167561,49858,117703,148384,0.5
1900-01-20 02:03:15,7618.0,469885,7618.5,158325,68211,42534,25677,311560,0.5
1900-01-20 02:03:30,7620.0,627710,7620.5,24205,120376,138641,-18265,603505,0.5
1900-01-20 02:03:45,7622.0,575571,7622.5,306749,123541,85942,37599,268822,0.5
1900-01-20 02:04:00,7625.5,461525,7626.0,11216,112542,58675,53867,450309,0.5
1900-01-20 02:04:15,7627.5,165017,7628.0,347802,47566,14280,33286,-182785,0.5
1900-01-20 02:04:30,7629.5,480596,7630.0,127824,173878,42731,131147,352772,0.5
1900-01-20 02:04:45,7638.5,56820,7639.0,156819,727246,64889,662357,-99999,0.5
1900-01-20 02:05:00,7644.5,374272,7645.0,8,1698631,19762,1678869,374264,0.5
1900-01-20 02:05:15,7653.5,501140,7654.0,813207,3956481,106210,3850271,-312067,0.5
1900-01-20 02:05:30,7677.0,8000,7677.5,165005,3056978,100208,2956770,-157005,0.5
1900-01-20 02:05:45,7730.0,2375,7765.5,19450,4318463,190622,4127841,-17075,35.5
1900-01-20 02:06:00,7753.5,1805949,7754.0,22016,1874151,1041312,832839,1783933,0.5
1900-01-20 02:06:15,7729.0,9539,7730.0,48000,1226696,1714761,-488065,-38461,1.0
1900-01-20 02:06:30,7759.5,9679,7760.0,17963,603595,579806,23789,-8284,0.5
1900-01-20 02:06:45,7763.5,200000,7764.0,10600,842242,452011,390231,189400,0.5
1900-01-20 02:07:00,7771.0,41525,7771.5,101210,1432173,769077,663096,-59685,0.5
1900-01-20 02:07:15,7783.5,51159,7784.0,70136,909003,305841,603162,-18977,0.5
1900-01-20 02:07:30,7765.5,4093,7767.0,9439,345304,454447,-109143,-5346,1.5
1900-01-20 02:07:45,7760.5,64531,7763.5,6000,515360,375073,140287,58531,3.0
1900-01-20 02:08:00,7749.0,500490,7749.5,788553,169412,656735,-487323,-288063,0.5
1900-01-20 02:08:15,7734.5,5000,7736.0,4200,276414,948897,-672483,800,1.5
1900-01-20 02:08:30,7743.0,89381,7743.5,6513,441406,604184,-162778,82868,0.5
1900-01-20 02:08:45,7749.5,218259,7750.5,146,608013,210868,397145,218113,1.0
1900-01-20 02:09:00,7753.0,53990,7753.5,43237,324653,348099,-23446,10753,0.5
1900-01-20 02:09:15,7760.0,51205,7760.5,71044,214782,584414,-369632,-19839,0.5
1900-01-20 02:09:30,7769.5,48992,7770.0,130236,565492,139567,425925,-81244,0.5
1900-01-20 02:09:45,7770.0,747014,7770.5,50,456016,353412,102604,746964,0.5
1900-01-20 02:10:00,7780.0,199681,7780.5,1000,692751,49362,643389,198681,0.5
1900-01-20 02:10:15,7786.5,46646,7787.0,16968,1676860,261638,1415222,29678,0.5
1900-01-20 02:10:30,7789.0,253134,7789.5,26130,924264,466457,457807,227004,0.5
1900-01-20 02:10:45,7790.5,20602,7791.0,186655,432707,181587,251120,-166053,0.5
1900-01-20 02:11:00,7771.0,2009,7771.5,32865,226453,779273,-552820,-30856,0.5
1900-01-20 02:11:15,7760.0,161973,7760.5,81735,100225,518059,-417834,80238,0.5
1900-01-20 02:11:30,7751.0,264398,7751.5,86931,41225,912549,-871324,177467,0.5
1900-01-20 02:11:45,7767.0,181977,7767.5,757867,607727,188194,419533,-575890,0.5
1900-01-20 02:12:00,7757.5,4987,7758.0,29200,400937,479060,-78123,-24213,0.5
1900-01-20 02:12:15,7745.5,396824,7746.0,15853,70364,470179,-399815,380971,0.5
1900-01-20 02:12:30,7748.5,24072,7749.0,32245,146022,284687,-138665,-8173,0.5
1900-01-20 02:12:45,7735.5,370468,7736.0,471030,63477,427872,-364395,-100562,0.5
1900-01-20 02:13:00,7744.0,518,7757.5,3008,1550518,172488,1378030,-2490,13.5
1900-01-20 02:13:15,7768.0,11319,7768.5,4200,544643,136929,407714,7119,0.5
1900-01-20 02:13:30,7763.0,15751,7763.5,63725,299022,148793,150229,-47974,0.5
1900-01-20 02:13:45,7771.0,237521,7771.5,105226,322447,320487,1960,132295,0.5
1900-01-20 02:14:00,7782.5,6310,7783.0,8000,543630,171965,371665,-1690,0.5
1900-01-20 02:14:15,7817.0,3062,7818.0,50543,1220382,262960,957422,-47481,1.0
1900-01-20 02:14:30,7835.5,1663557,7836.0,26700,1322608,806054,516554,1636857,0.5
1900-01-20 02:14:45,7827.0,584467,7827.5,33762,1031443,1541129,-509686,550705,0.5
1900-01-20 02:15:00,7830.5,276697,7831.0,149720,397776,177053,220723,126977,0.5
1900-01-20 02:15:15,7834.0,30000,7834.5,1103219,958902,162168,796734,-1073219,0.5
1900-01-20 02:15:30,7808.0,22808,7808.5,434108,88289,450797,-362508,-411300,0.5
1900-01-20 02:15:45,7800.0,269978,7803.0,854857,388512,743055,-354543,-584879,3.0
1900-01-20 02:16:00,7780.0,623515,7780.5,147485,297758,761715,-463957,476030,0.5
1900-01-20 02:16:15,7798.0,115868,7798.5,795044,431599,517839,-86240,-679176,0.5
1900-01-20 02:16:30,7785.0,59560,7785.5,286,386083,563090,-177007,59274,0.5
1900-01-20 02:16:45,7782.0,30370,7782.5,919405,375914,236609,139305,-889035,0.5
1900-01-20 02:17:00,7787.5,12806,7788.0,575924,154390,344704,-190314,-563118,0.5
1900-01-20 02:17:15,7777.0,367814,7777.5,231712,122497,678098,-555601,136102,0.5
1900-01-20 02:17:30,7772.0,256714,7772.5,305304,190066,257399,-67333,-48590,0.5
1900-01-20 02:17:45,7768.0,241403,7768.5,538887,35903,1526801,-1490898,-297484,0.5
1900-01-20 02:18:00,7771.0,169650,7771.5,26566,65763,621041,-555278,143084,0.5
1900-01-20 02:18:15,7789.0,56676,7790.0,2950,365059,168761,196298,53726,1.0
1900-01-20 02:18:30,7800.0,61157,7800.5,10000,787363,261007,526356,51157,0.5
1900-01-20 02:18:45,7790.5,560784,7791.0,177299,329188,331361,-2173,383485,0.5
1900-01-20 02:19:00,7781.0,47743,7781.5,387156,225954,98457,127497,-339413,0.5
1900-01-20 02:19:15,7781.0,503554,7781.5,9599,64442,102461,-38019,493955,0.5
1900-01-20 02:19:30,7777.0,338894,7777.5,112819,168810,368761,-199951,226075,0.5
1900-01-20 02:19:45,7775.0,68794,7775.5,312662,5946,302145,-296199,-243868,0.5
1900-01-20 02:20:00,7770.0,735422,7770.5,254290,164329,118870,45459,481132,0.5
1900-01-20 02:20:15,7763.0,115091,7763.5,430904,262563,257344,5219,-315813,0.5
1900-01-20 02:20:30,7779.5,161651,7780.0,585035,565048,141258,423790,-423384,0.5
1900-01-20 02:20:45,7773.0,220205,7773.5,162568,59005,88146,-29141,57637,0.5
1900-01-20 02:21:00,7770.0,480278,7770.5,106398,33627,130553,-96926,373880,0.5
1900-01-20 02:21:15,7779.5,261379,7780.0,475613,424523,53264,371259,-214234,0.5
1900-01-20 02:21:30,7786.5,144892,7787.0,59764,287321,49234,238087,85128,0.5
1900-01-20 02:21:45,7787.0,903762,7787.5,11403,330245,61314,268931,892359,0.5
1900-01-20 02:22:00,7790.0,1721,7790.5,661425,107603,96687,10916,-659704,0.5
1900-01-20 02:22:15,7777.0,45677,7777.5,405745,70904,181426,-110522,-360068,0.5
1900-01-20 02:22:30,7778.5,129126,7779.0,23248,33787,178350,-144563,105878,0.5
1900-01-20 02:22:45,7776.0,144374,7776.5,513125,101324,268413,-167089,-368751,0.5
1900-01-20 02:23:00,7775.5,6351,7776.0,560754,9109,145027,-135918,-554403,0.5
1900-01-20 02:23:15,7769.0,172931,7769.5,495597,49457,568532,-519075,-322666,0.5
1900-01-20 02:23:30,7776.5,65007,7777.0,448924,98115,67411,30704,-383917,0.5
1900-01-20 02:23:45,7773.0,1896,7773.5,57241,48813,71751,-22938,-55345,0.5
1900-01-20 02:24:00,7764.0,10232,7764.5,436367,10920,225904,-214984,-426135,0.5
1900-01-20 02:24:15,7760.0,59857,7760.5,447165,114112,521679,-407567,-387308,0.5
1900-01-20 02:24:30,7756.0,98127,7756.5,577554,78272,83035,-4763,-479427,0.5
1900-01-20 02:24:45,7750.0,773687,7750.5,469985,40965,786786,-745821,303702,0.5
1900-01-20 02:25:00,7747.5,60931,7748.5,2710,72617,884505,-811888,58221,1.0
1900-01-20 02:25:15,7756.5,483869,7757.0,290229,193647,157075,36572,193640,0.5
1900-01-20 02:25:30,7762.0,642334,7762.5,309400,337601,38444,299157,332934,0.5
1900-01-20 02:25:45,7780.5,289848,7781.0,277785,428633,68687,359946,12063,0.5
1900-01-20 02:26:00,7760.0,8394,7760.5,49800,72156,545844,-473688,-41406,0.5
1900-01-20 02:26:15,7766.0,212771,7766.5,205587,251693,166543,85150,7184,0.5
1900-01-20 02:26:30,7763.0,475594,7763.5,100139,332567,57333,275234,375455,0.5
1900-01-20 02:26:45,7770.0,139094,7770.5,678472,42959,12895,30064,-539378,0.5
1900-01-20 02:27:00,7771.0,448594,7771.5,91612,163852,178191,-14339,356982,0.5
1900-01-20 02:27:15,7770.5,19919,7771.0,732377,24436,73549,-49113,-712458,0.5
1900-01-20 02:27:30,7767.0,13288,7767.5,659261,57893,60031,-2138,-645973,0.5
1900-01-20 02:27:45,7762.5,735,7763.0,657356,7164,437794,-430630,-656621,0.5
1900-01-20 02:28:00,7755.0,1114202,7755.5,15192,57044,372797,-315753,1099010,0.5
1900-01-20 02:28:15,7761.5,29724,7762.0,244958,248984,151442,97542,-215234,0.5
1900-01-20 02:28:30,7765.0,137141,7765.5,444757,36700,44399,-7699,-307616,0.5
1900-01-20 02:28:45,7764.5,293538,7765.0,283297,66214,81478,-15264,10241,0.5
1900-01-20 02:29:00,7758.0,655803,7758.5,38817,48016,53207,-5191,616986,0.5
1900-01-20 02:29:15,7763.5,50,7764.0,24432,175617,59513,116104,-24382,0.5
1900-01-20 02:29:30,7761.5,1165475,7762.0,545839,46211,398881,-352670,619636,0.5
1900-01-20 02:29:45,7765.0,578743,7765.5,3552473,575244,95608,479636,-2973730,0.5
1900-01-20 02:30:00,7779.5,1312050,7780.0,93788,240081,51128,188953,1218262,0.5
1900-01-20 02:30:15,7789.0,262724,7789.5,243206,367784,59194,308590,19518,0.5
1900-01-20 02:30:30,7785.0,219228,7785.5,538001,311485,116802,194683,-318773,0.5
1900-01-20 02:30:45,7796.5,513221,7797.0,231646,396529,57161,339368,281575,0.5
1900-01-20 02:31:00,7787.0,14337,7787.5,227082,401302,144582,256720,-212745,0.5
1900-01-20 02:31:15,7798.5,34000,7799.0,17406,340325,177394,162931,16594,0.5
1900-01-20 02:31:30,7811.5,105726,7812.0,344641,1109219,15384,1093835,-238915,0.5
1900-01-20 02:31:45,7801.0,14110,7803.5,2000,342234,383260,-41026,12110,2.5
1900-01-20 02:32:00,7790.5,506823,7791.0,189169,78204,539294,-461090,317654,0.5
1900-01-20 02:32:15,7794.5,23744,7795.0,241174,337862,355575,-17713,-217430,0.5
1900-01-20 02:32:30,7796.0,170560,7796.5,196479,302035,184955,117080,-25919,0.5
1900-01-20 02:32:45,7804.0,65000,7804.5,183069,127054,42214,84840,-118069,0.5
1900-01-20 02:33:00,7796.0,82124,7796.5,305503,292413,188527,103886,-223379,0.5
1900-01-20 02:33:15,7799.5,3720,7800.5,615839,40231,57908,-17677,-612119,1.0
1900-01-20 02:33:30,7788.0,3059,7788.5,722007,78262,246021,-167759,-718948,0.5
1900-01-20 02:33:45,7777.5,239079,7778.5,1685,51927,295756,-243829,237394,1.0
1900-01-20 02:34:00,7773.0,58,7773.5,216220,102990,309501,-206511,-216162,0.5
1900-01-20 02:34:15,7760.0,306023,7760.5,115403,15138,285619,-270481,190620,0.5
1900-01-20 02:34:30,7764.0,80350,7764.5,37003,238864,254093,-15229,43347,0.5
1900-01-20 02:34:45,7758.0,399056,7758.5,384602,69608,107052,-37444,14454,0.5
1900-01-20 02:35:00,7756.5,167735,7757.0,57239,242605,516800,-274195,110496,0.5
1900-01-20 02:35:15,7760.0,450011,7760.5,154859,476212,244319,231893,295152,0.5
1900-01-20 02:35:30,7773.0,169236,7773.5,149291,128075,57423,70652,19945,0.5
1900-01-20 02:35:45,7769.0,5147,7769.5,57759,187903,110297,77606,-52612,0.5
1900-01-20 02:36:00,7767.5,49931,7768.0,442310,20183,55632,-35449,-392379,0.5
1900-01-20 02:36:15,7777.0,150000,7778.0,368153,86189,49323,36866,-218153,1.0
1900-01-20 02:36:30,7769.0,512509,7769.5,205581,81859,197158,-115299,306928,0.5
1900-01-20 02:36:45,7766.0,75109,7766.5,435973,67376,93079,-25703,-360864,0.5
1900-01-20 02:37:00,7766.0,727311,7766.5,229883,90754,92751,-1997,497428,0.5
1900-01-20 02:37:15,7769.0,59722,7769.5,784431,205845,114277,91568,-724709,0.5
1900-01-20 02:37:30,7772.0,33499,7772.5,15509,54905,60497,-5592,17990,0.5
1900-01-20 02:37:45,7788.0,35932,7788.5,662,383916,47535,336381,35270,0.5
1900-01-20 02:38:00,7783.0,5119,7783.5,113632,392080,100258,291822,-108513,0.5
1900-01-20 02:38:15,7776.5,585388,7777.0,5000,77328,181230,-103902,580388,0.5
1900-01-20 02:38:30,7784.5,243291,7785.0,19260,369215,27744,341471,224031,0.5
1900-01-20 02:38:45,7786.0,759211,7786.5,30,98549,87401,11148,759181,0.5
1900-01-20 02:39:00,7792.0,114326,7792.5,486643,159829,25145,134684,-372317,0.5
1900-01-20 02:39:15,7796.5,397620,7798.0,82753,182272,86656,95616,314867,1.5
1900-01-20 02:39:30,7800.0,277067,7800.5,598253,257470,160661,96809,-321186,0.5
1900-01-20 02:39:45,7798.0,25794,7798.5,555980,169864,578339,-408475,-530186,0.5
1900-01-20 02:40:00,7797.0,114084,7797.5,29658,41172,144316,-103144,84426,0.5
1900-01-20 02:40:15,7784.5,314122,7785.0,449798,54299,104752,-50453,-135676,0.5
1900-01-20 02:40:30,7782.0,524,7782.5,134275,67224,294563,-227339,-133751,0.5
1900-01-20 02:40:45,7783.0,644202,7783.5,1230,258154,13476,244678,642972,0.5
1900-01-20 02:41:00,7784.5,709736,7785.0,77506,75524,20169,55355,632230,0.5
1900-01-20 02:41:15,7795.5,432699,7796.0,101388,237524,40267,197257,331311,0.5
1900-01-20 02:41:30,7810.5,109586,7811.0,142201,1334030,83444,1250586,-32615,0.5
1900-01-20 02:41:45,7811.5,5736,7812.0,362318,310302,81141,229161,-356582,0.5
1900-01-20 02:42:00,7811.5,525513,7812.0,49579,139539,92150,47389,475934,0.5
1900-01-20 02:42:15,7819.5,424252,7820.0,73976,671305,118526,552779,350276,0.5
1900-01-20 02:42:30,7820.0,532836,7820.5,31397,265675,178240,87435,501439,0.5
1900-01-20 02:42:45,7814.5,38584,7815.0,58662,274036,86674,187362,-20078,0.5
1900-01-20 02:43:00,7815.0,10143,7815.5,546636,231822,277069,-45247,-536493,0.5
1900-01-20 02:43:15,7806.5,704689,7807.0,158615,24219,410450,-386231,546074,0.5
1900-01-20 02:43:30,7804.5,41877,7805.0,138563,109587,412767,-303180,-96686,0.5
1900-01-20 02:43:45,7796.0,531571,7796.5,6570,134207,363272,-229065,525001,0.5
1900-01-20 02:44:00,7792.5,228850,7793.0,153888,72552,190172,-117620,74962,0.5
1900-01-20 02:44:15,7790.0,319210,7790.5,1775,43925,94336,-50411,317435,0.5
1900-01-20 02:44:30,7789.5,319760,7790.0,211802,29984,63026,-33042,107958,0.5
1900-01-20 02:44:45,7789.5,168301,7790.0,125356,84112,69976,14136,42945,0.5
1900-01-20 02:45:00,7788.0,33634,7788.5,145368,99813,63842,35971,-111734,0.5
1900-01-20 02:45:15,7785.0,215686,7785.5,460747,60348,325122,-264774,-245061,0.5
1900-01-20 02:45:30,7784.0,18061,7784.5,752939,15291,70493,-55202,-734878,0.5
1900-01-20 02:45:45,7766.0,183966,7766.5,54939,21661,798394,-776733,129027,0.5
1900-01-20 02:46:00,7776.0,557472,7776.5,271178,109805,96612,13193,286294,0.5
1900-01-20 02:46:15,7778.5,114874,7779.0,136405,136294,149778,-13484,-21531,0.5
1900-01-20 02:46:30,7778.5,72124,7779.0,331194,348153,97416,250737,-259070,0.5
1900-01-20 02:46:45,7781.5,89116,7782.0,416393,90639,148381,-57742,-327277,0.5
1900-01-20 02:47:00,7777.0,139808,7777.5,314737,13113,22834,-9721,-174929,0.5
1900-01-20 02:47:15,7774.0,15183,7774.5,261279,72115,130531,-58416,-246096,0.5
1900-01-20 02:47:30,7773.5,13975,7774.0,398740,49489,135374,-85885,-384765,0.5
1900-01-20 02:47:45,7775.0,176589,7775.5,7096,147643,140661,6982,169493,0.5
1900-01-20 02:48:00,7775.0,868740,7775.5,9096,54495,121164,-66669,859644,0.5
1900-01-20 02:48:15,7774.0,149092,7774.5,640022,66966,362637,-295671,-490930,0.5
1900-01-20 02:48:30,7782.0,474261,7782.5,4648,196914,65027,131887,469613,0.5
1900-01-20 02:48:45,7785.5,36028,7786.0,904873,111855,77991,33864,-868845,0.5
1900-01-20 02:49:00,7778.5,25000,7779.0,15332,26742,198274,-171532,9668,0.5
1900-01-20 02:49:15,7771.0,600528,7771.5,20813,12201,104366,-92165,579715,0.5
1900-01-20 02:49:30,7780.0,579610,7780.5,306952,58301,82547,-24246,272658,0.5
1900-01-20 02:49:45,7780.0,487086,7780.5,508833,4556,24100,-19544,-21747,0.5
1900-01-20 02:50:00,7777.0,60390,7777.5,378950,24065,94670,-70605,-318560,0.5
1900-01-20 02:50:15,7774.5,153769,7775.0,242126,93370,52935,40435,-88357,0.5
1900-01-20 02:50:30,7765.0,740270,7765.5,326222,74089,169678,-95589,414048,0.5
1900-01-20 02:50:45,7771.5,104482,7772.0,21718,178176,508676,-330500,82764,0.5
1900-01-20 02:51:00,7763.5,7725,7764.0,1319,91314,85199,6115,6406,0.5
1900-01-20 02:51:15,7767.5,128837,7768.0,406393,168226,61366,106860,-277556,0.5
1900-01-20 02:51:30,7765.5,4350,7766.0,682960,75523,36815,38708,-678610,0.5
1900-01-20 02:51:45,7761.5,461931,7762.0,239198,6115,99101,-92986,222733,0.5
1900-01-20 02:52:00,7760.0,467171,7760.5,220388,47747,226800,-179053,246783,0.5
1900-01-20 02:52:15,7759.5,85116,7760.0,661589,69731,237200,-167469,-576473,0.5
1900-01-20 02:52:30,7757.0,537728,7757.5,370077,19959,236944,-216985,167651,0.5
1900-01-20 02:52:45,7768.0,302,7768.5,517331,174934,42916,132018,-517029,0.5
1900-01-20 02:53:00,7765.5,908512,7766.0,6220,170738,22984,147754,902292,0.5
1900-01-20 02:53:15,7776.0,123136,7776.5,13792,1066489,12845,1053644,109344,0.5
1900-01-20 02:53:30,7772.5,106046,7773.0,439259,55932,101227,-45295,-333213,0.5
1900-01-20 02:53:45,7776.5,505142,7777.0,146050,167633,42257,125376,359092,0.5
1900-01-20 02:54:00,7765.0,822228,7765.5,43773,59735,76899,-17164,778455,0.5
1900-01-20 02:54:15,7765.0,70552,7765.5,166355,6739,47354,-40615,-95803,0.5
1900-01-20 02:54:30,7767.0,622739,7767.5,46717,13479,26915,-13436,576022,0.5
1900-01-20 02:54:45,7767.5,585638,7768.0,64624,32758,49884,-17126,521014,0.5
1900-01-20 02:55:00,7767.5,320426,7768.0,78764,40829,43106,-2277,241662,0.5
1900-01-20 02:55:15,7760.5,58835,7761.0,248803,12551,274537,-261986,-189968,0.5
1900-01-20 02:55:30,7760.0,527901,7760.5,47361,20768,143378,-122610,480540,0.5
1900-01-20 02:55:45,7758.0,44927,7758.5,301883,8827,81182,-72355,-256956,0.5
1900-01-20 02:56:00,7756.5,284420,7757.0,344723,19563,189298,-169735,-60303,0.5
1900-01-20 02:56:15,7760.0,710678,7760.5,546240,43920,892618,-848698,164438,0.5
1900-01-20 02:56:30,7760.0,980188,7760.5,126110,289305,436526,-147221,854078,0.5
1900-01-20 02:56:45,7759.0,344167,7759.5,160720,145789,31380,114409,183447,0.5
1900-01-20 02:57:00,7759.0,369289,7759.5,232080,70217,19024,51193,137209,0.5
1900-01-20 02:57:15,7759.0,153864,7759.5,427946,14019,208902,-194883,-274082,0.5
1900-01-20 02:57:30,7752.5,82316,7753.0,174852,18014,96254,-78240,-92536,0.5
1900-01-20 02:57:45,7752.5,10370,7753.0,201726,16440,113832,-97392,-191356,0.5
1900-01-20 02:58:00,7750.0,2419628,7750.5,165083,26042,783382,-757340,2254545,0.5
1900-01-20 02:58:15,7740.0,166797,7740.5,840677,31005,2246726,-2215721,-673880,0.5
1900-01-20 02:58:30,7749.5,487113,7750.0,369627,936577,451520,485057,117486,0.5
1900-01-20 02:58:45,7744.0,358830,7744.5,442533,227285,286782,-59497,-83703,0.5
1900-01-20 02:59:00,7752.5,47163,7753.0,449392,221726,193282,28444,-402229,0.5
1900-01-20 02:59:15,7745.0,461711,7745.5,33866,55068,509924,-454856,427845,0.5
1900-01-20 02:59:30,7738.0,95987,7738.5,482366,27755,446840,-419085,-386379,0.5
1900-01-20 02:59:45,7715.5,34637,7716.0,8500,112551,1410570,-1298019,26137,0.5
1900-01-20 03:00:00,7705.5,268878,7713.0,2863,45983,1570811,-1524828,266015,7.5
1900-01-20 03:00:15,7721.0,169439,7721.5,83334,187425,1474167,-1286742,86105,0.5
1900-01-20 03:00:30,7735.5,52136,7736.0,5254,510716,122348,388368,46882,0.5
1900-01-20 03:00:45,7751.0,10000,7752.0,730386,341622,51046,290576,-720386,1.0
1900-01-20 03:01:00,7749.5,508386,7750.0,56585,314916,367656,-52740,451801,0.5
1900-01-20 03:01:15,7749.0,11998,7749.5,331916,274751,355763,-81012,-319918,0.5
1900-01-20 03:01:30,7749.0,882799,7749.5,813841,752150,293089,459061,68958,0.5
1900-01-20 03:01:45,7752.0,261150,7752.5,44660,521377,71794,449583,216490,0.5
1900-01-20 03:02:00,7763.5,534912,7764.0,166633,941054,28113,912941,368279,0.5
1900-01-20 03:02:15,7767.0,8000,7767.5,270006,402483,75530,326953,-262006,0.5
1900-01-20 03:02:30,7767.5,69532,7768.0,623681,369848,137924,231924,-554149,0.5
1900-01-20 03:02:45,7771.5,618417,7772.0,89730,257877,67108,190769,528687,0.5
1900-01-20 03:03:00,7767.5,183092,7768.0,278649,329186,30486,298700,-95557,0.5
1900-01-20 03:03:15,7767.0,110790,7767.5,580940,315661,84653,231008,-470150,0.5
1900-01-20 03:03:30,7755.5,629797,7756.0,255115,18360,472451,-454091,374682,0.5
1900-01-20 03:03:45,7761.0,93560,7761.5,389453,268540,65307,203233,-295893,0.5
1900-01-20 03:04:00,7761.0,831902,7761.5,56992,42545,62086,-19541,774910,0.5
1900-01-20 03:04:15,7761.5,662134,7762.0,260477,51259,26168,25091,401657,0.5
1900-01-20 03:04:30,7761.5,303389,7762.0,635564,144734,26368,118366,-332175,0.5
1900-01-20 03:04:45,7761.5,1010462,7762.0,322952,36803,14880,21923,687510,0.5
1900-01-20 03:05:00,7767.5,778918,7768.0,439986,142697,14103,128594,338932,0.5
1900-01-20 03:05:15,7773.5,396272,7774.0,66579,219332,17414,201918,329693,0.5
1900-01-20 03:05:30,7777.5,599145,7778.0,18815,339560,6991,332569,580330,0.5
1900-01-20 03:05:45,7777.5,750004,7778.0,181954,134170,107932,26238,568050,0.5
1900-01-20 03:06:00,7777.5,338077,7778.0,208500,32551,210026,-177475,129577,0.5
1900-01-20 03:06:15,7775.5,442035,7776.0,173273,12047,80343,-68296,268762,0.5
1900-01-20 03:06:30,7775.5,530127,7776.0,151544,31918,234605,-202687,378583,0.5
1900-01-20 03:06:45,7785.0,410016,7785.5,9636,293186,22736,270450,400380,0.5
1900-01-20 03:07:00,7785.5,273390,7786.0,714838,196335,68368,127967,-441448,0.5
1900-01-20 03:07:15,7779.5,2765,7780.0,463043,201996,109845,92151,-460278,0.5
1900-01-20 03:07:30,7780.5,4810,7781.0,208392,107798,135659,-27861,-203582,0.5
1900-01-20 03:07:45,7779.5,173495,7780.0,326685,79694,48245,31449,-153190,0.5
1900-01-20 03:08:00,7779.0,109846,7779.5,425257,27547,130473,-102926,-315411,0.5
1900-01-20 03:08:15,7777.0,56400,7777.5,445278,21818,246544,-224726,-388878,0.5
1900-01-20 03:08:30,7771.5,619544,7772.0,291921,60165,197244,-137079,327623,0.5
1900-01-20 03:08:45,7771.0,1207,7771.5,994220,74043,185560,-111517,-993013,0.5
1900-01-20 03:09:00,7775.0,2378766,7775.5,617938,15065,247523,-232458,1760828,0.5
1900-01-20 03:09:15,7767.0,48892,7767.5,143910,25667,75532,-49865,-95018,0.5
1900-01-20 03:09:30,7773.5,103898,7774.0,401489,37294,24191,13103,-297591,0.5
1900-01-20 03:09:45,7767.5,129966,7768.0,423019,11711,61122,-49411,-293053,0.5
1900-01-20 03:10:00,7771.5,530124,7772.0,151549,60609,13762,46847,378575,0.5
1900-01-20 03:10:15,7771.5,395736,7772.0,1274,128699,1562,127137,394462,0.5
1900-01-20 03:10:30,7778.0,123391,7778.5,941808,87838,22811,65027,-818417,0.5
1900-01-20 03:10:45,7774.5,323060,7775.0,474793,7733,75603,-67870,-151733,0.5
1900-01-20 03:11:00,7772.5,150753,7773.0,530982,62991,36678,26313,-380229,0.5
1900-01-20 03:11:15,7772.5,26263,7773.0,523488,90,51462,-51372,-497225,0.5
1900-01-20 03:11:30,7770.5,394731,7771.0,127467,11107,12672,-1565,267264,0.5
1900-01-20 03:11:45,7769.5,8515,7770.0,489415,12481,255129,-242648,-480900,0.5
1900-01-20 03:12:00,7769.5,316828,7770.0,193004,18162,20253,-2091,123824,0.5
1900-01-20 03:12:15,7776.5,565314,7777.0,50238,8373,23752,-15379,515076,0.5
1900-01-20 03:12:30,7780.0,572585,7780.5,323467,165615,27650,137965,249118,0.5
1900-01-20 03:12:45,7780.0,657074,7780.5,153967,115069,38570,76499,503107,0.5
1900-01-20 03:13:00,7785.0,885216,7785.5,35521,160765,25764,135001,849695,0.5
1900-01-20 03:13:15,7782.5,7110,7783.0,270095,69951,67493,2458,-262985,0.5
1900-01-20 03:13:30,7782.0,619293,7782.5,46022,24389,152034,-127645,573271,0.5
1900-01-20 03:13:45,7785.5,359529,7786.0,229766,137004,11088,125916,129763,0.5
1900-01-20 03:14:00,7785.0,62852,7785.5,501875,38939,20405,18534,-439023,0.5
1900-01-20 03:14:15,7782.5,364760,7783.0,469547,25016,64821,-39805,-104787,0.5
1900-01-20 03:14:30,7776.0,377768,7776.5,331569,167583,115801,51782,46199,0.5
1900-01-20 03:14:45,7780.5,67960,7781.0,380899,56887,32010,24877,-312939,0.5
1900-01-20 03:15:00,7782.5,398857,7783.0,39970,98262,19751,78511,358887,0.5
1900-01-20 03:15:15,7784.5,451621,7785.0,103650,319684,7648,312036,347971,0.5
1900-01-20 03:15:30,7785.5,1071150,7786.0,109592,119583,2944,116639,961558,0.5
1900-01-20 03:15:45,7794.5,460473,7795.0,52011,907571,6483,901088,408462,0.5
1900-01-20 03:16:00,7799.5,1021471,7800.0,318240,546775,60264,486511,703231,0.5
1900-01-20 03:16:15,7806.5,13748,7807.0,16772,348417,68766,279651,-3024,0.5
1900-01-20 03:16:30,7801.5,1025274,7802.0,73682,156621,214883,-58262,951592,0.5
1900-01-20 03:16:45,7806.5,28541,7807.0,383222,115991,206117,-90126,-354681,0.5
1900-01-20 03:17:00,7811.0,562549,7811.5,30271,201106,114033,87073,532278,0.5
1900-01-20 03:17:15,7811.0,1034622,7811.5,278449,210009,29365,180644,756173,0.5
1900-01-20 03:17:30,7814.0,155098,7814.5,583536,163096,129277,33819,-428438,0.5
1900-01-20 03:17:45,7807.0,19841,7807.5,744535,92659,194934,-102275,-724694,0.5
1900-01-20 03:18:00,7802.0,711380,7802.5,28798,47010,370450,-323440,682582,0.5
1900-01-20 03:18:15,7799.5,683760,7800.0,48247,136191,182847,-46656,635513,0.5
1900-01-20 03:18:30,7802.0,525456,7802.5,1365,78819,178114,-99295,524091,0.5
1900-01-20 03:18:45,7797.0,411868,7797.5,94891,77467,81897,-4430,316977,0.5
1900-01-20 03:19:00,7802.5,182726,7803.0,381654,27455,72928,-45473,-198928,0.5
1900-01-20 03:19:15,7799.5,269762,7800.0,1693848,185417,49940,135477,-1424086,0.5
1900-01-20 03:19:30,7801.0,383138,7801.5,94585,141508,51519,89989,288553,0.5
1900-01-20 03:19:45,7798.5,41710,7799.0,237030,67503,67531,-28,-195320,0.5
1900-01-20 03:20:00,7793.5,387762,7794.0,42367,11202,123443,-112241,345395,0.5
1900-01-20 03:20:15,7793.5,87114,7794.0,263457,25543,47425,-21882,-176343,0.5
1900-01-20 03:20:30,7791.5,46613,7792.0,258134,116925,263295,-146370,-211521,0.5
1900-01-20 03:20:45,7790.5,10661,7791.0,434921,44271,319031,-274760,-424260,0.5
1900-01-20 03:21:00,7786.0,324678,7786.5,193361,93064,229888,-136824,131317,0.5
1900-01-20 03:21:15,7789.5,406415,7790.0,186149,59431,154362,-94931,220266,0.5
1900-01-20 03:21:30,7799.5,129472,7800.0,428220,103666,9200,94466,-298748,0.5
1900-01-20 03:21:45,7799.5,137755,7800.0,651597,15710,11756,3954,-513842,0.5
1900-01-20 03:22:00,7804.5,225266,7805.0,180701,139912,3685,136227,44565,0.5
1900-01-20 03:22:15,7804.5,54831,7805.0,182024,183806,10277,173529,-127193,0.5
1900-01-20 03:22:30,7803.5,465261,7804.0,137029,46104,17763,28341,328232,0.5
1900-01-20 03:22:45,7801.0,434424,7801.5,183539,20700,16047,4653,250885,0.5
1900-01-20 03:23:00,7803.0,493409,7803.5,76413,130034,90316,39718,416996,0.5
1900-01-20 03:23:15,7821.5,93957,7822.0,22708,239794,18550,221244,71249,0.5
1900-01-20 03:23:30,7829.5,53689,7830.0,34911,278812,50316,228496,18778,0.5
1900-01-20 03:23:45,7818.0,47689,7818.5,150211,478714,221285,257429,-102522,0.5
1900-01-20 03:24:00,7826.0,1226334,7826.5,71333,426901,127659,299242,1155001,0.5
1900-01-20 03:24:15,7841.0,136503,7841.5,119,653824,164667,489157,136384,0.5
1900-01-20 03:24:30,7863.0,2232547,7864.0,2698,2459265,348687,2110578,2229849,1.0
1900-01-20 03:24:45,7863.5,3027,7864.0,9794,1272535,2091985,-819450,-6767,0.5
1900-01-20 03:25:00,7849.5,8000,7850.0,520149,1468053,26403,1441650,-512149,0.5
1900-01-20 03:25:15,7864.0,30,7864.5,278833,1063844,210441,853403,-278803,0.5
1900-01-20 03:25:30,7867.5,457968,7868.0,74229,727583,207960,519623,383739,0.5
1900-01-20 03:25:45,7871.5,3811,7872.0,36976,294013,154804,139209,-33165,0.5
1900-01-20 03:26:00,7871.5,490607,7872.0,377890,179519,236897,-57378,112717,0.5
1900-01-20 03:26:15,7852.5,14383,7853.0,25840,93626,696769,-603143,-11457,0.5
1900-01-20 03:26:30,7867.0,179010,7867.5,51987,271563,469631,-198068,127023,0.5
1900-01-20 03:26:45,7856.0,1354600,7856.5,167959,126538,237261,-110723,1186641,0.5
1900-01-20 03:27:00,7860.0,174723,7860.5,13000,519346,133388,385958,161723,0.5
1900-01-20 03:27:15,7856.5,130623,7857.0,166481,68167,295907,-227740,-35858,0.5
1900-01-20 03:27:30,7857.0,171124,7857.5,231241,221831,263687,-41856,-60117,0.5
1900-01-20 03:27:45,7857.0,339939,7857.5,153673,127819,59767,68052,186266,0.5
1900-01-20 03:28:00,7857.0,707194,7857.5,234420,14541,463412,-448871,472774,0.5
1900-01-20 03:28:15,7862.5,296771,7863.0,1198333,209363,102984,106379,-901562,0.5
1900-01-20 03:28:30,7869.5,1259657,7870.0,491475,500206,116973,383233,768182,0.5
1900-01-20 03:28:45,7869.0,687655,7869.5,406743,630361,391838,238523,280912,0.5
1900-01-20 03:29:00,7870.5,1153744,7871.0,343843,816847,78156,738691,809901,0.5
1900-01-20 03:29:15,7866.5,310213,7867.0,51292,249214,246116,3098,258921,0.5
1900-01-20 03:29:30,7870.5,574520,7871.0,1111278,128616,41021,87595,-536758,0.5
1900-01-20 03:29:45,7874.5,869404,7875.0,125803,329996,35093,294903,743601,0.5
1900-01-20 03:30:00,7872.5,1290,7873.0,1303055,155201,455796,-300595,-1301765,0.5
1900-01-20 03:30:15,7863.5,737250,7864.0,285517,101450,446126,-344676,451733,0.5
1900-01-20 03:30:30,7855.5,130051,7856.0,986383,47557,374680,-327123,-856332,0.5
1900-01-20 03:30:45,7857.0,334221,7857.5,488409,216241,301171,-84930,-154188,0.5
1900-01-20 03:31:00,7855.5,643118,7856.0,23486,105888,177400,-71512,619632,0.5
1900-01-20 03:31:15,7857.5,615755,7858.0,170930,423583,264401,159182,444825,0.5
1900-01-20 03:31:30,7861.0,361206,7861.5,83143,127702,19604,108098,278063,0.5
1900-01-20 03:31:45,7870.5,27165,7871.0,12464,226508,122022,104486,14701,0.5
1900-01-20 03:32:00,7883.5,128773,7884.0,65785,262530,36151,226379,62988,0.5
1900-01-20 03:32:15,7894.5,207271,7895.0,836087,1725447,61708,1663739,-628816,0.5
1900-01-20 03:32:30,7897.0,67183,7897.5,270102,3269730,225106,3044624,-202919,0.5
1900-01-20 03:32:45,7891.5,478274,7892.0,677792,343463,428855,-85392,-199518,0.5
1900-01-20 03:33:00,7879.5,1275,7880.0,278114,227738,225362,2376,-276839,0.5
1900-01-20 03:33:15,7873.5,202723,7874.0,391413,360145,524246,-164101,-188690,0.5
1900-01-20 03:33:30,7870.0,46366,7870.5,409110,221363,452924,-231561,-362744,0.5
1900-01-20 03:33:45,7863.0,732797,7863.5,1,138385,759697,-621312,732796,0.5
1900-01-20 03:34:00,7862.5,53631,7863.0,48471,214690,55172,159518,5160,0.5
1900-01-20 03:34:15,7869.5,4992,7870.0,323745,73667,111856,-38189,-318753,0.5
1900-01-20 03:34:30,7870.0,576716,7870.5,4723,223801,106129,117672,571993,0.5
1900-01-20 03:34:45,7868.0,19270,7868.5,516106,93966,27128,66838,-496836,0.5
1900-01-20 03:35:00,7870.0,455840,7870.5,1649,18705,32029,-13324,454191,0.5
1900-01-20 03:35:15,7870.5,281386,7871.0,41970,241775,80298,161477,239416,0.5
1900-01-20 03:35:30,7874.5,124984,7875.0,433370,377980,8098,369882,-308386,0.5
1900-01-20 03:35:45,7875.0,250262,7875.5,41166,361440,139521,221919,209096,0.5
1900-01-20 03:36:00,7881.5,36232,7882.0,21731,72161,35550,36611,14501,0.5
1900-01-20 03:36:15,7892.5,113991,7893.0,200734,293932,58959,234973,-86743,0.5
1900-01-20 03:36:30,7905.0,200000,7908.0,4041,4856176,243392,4612784,195959,3.0
1900-01-20 03:36:45,7910.5,36,7911.0,156453,734347,621810,112537,-156417,0.5
1900-01-20 03:37:00,7906.5,1000,7907.0,33800,471805,222819,248986,-32800,0.5
1900-01-20 03:37:15,7906.0,42544,7906.5,109119,495032,182583,312449,-66575,0.5
1900-01-20 03:37:30,7900.0,172738,7900.5,192974,307080,251443,55637,-20236,0.5
1900-01-20 03:37:45,7893.5,196097,7894.0,152437,123573,251277,-127704,43660,0.5
1900-01-20 03:38:00,7896.5,42694,7897.0,269166,120992,117219,3773,-226472,0.5
1900-01-20 03:38:15,7896.5,5000,7897.5,4200,118770,265139,-146369,800,1.0
1900-01-20 03:38:30,7898.5,13378,7899.0,37615,81361,214538,-133177,-24237,0.5
1900-01-20 03:38:45,7905.0,126472,7905.5,197863,545219,58150,487069,-71391,0.5
1900-01-20 03:39:00,7898.5,2011,7899.0,261747,106986,342092,-235106,-259736,0.5
1900-01-20 03:39:15,7890.5,2090,7891.0,46703,22926,662940,-640014,-44613,0.5
1900-01-20 03:39:30,7885.0,109918,7885.5,270618,121058,485578,-364520,-160700,0.5
1900-01-20 03:39:45,7879.0,167246,7879.5,381716,62972,639683,-576711,-214470,0.5
1900-01-20 03:40:00,7871.0,1007,7871.5,580738,18510,397867,-379357,-579731,0.5
1900-01-20 03:40:15,7870.0,647638,7870.5,205695,105205,644663,-539458,441943,0.5
1900-01-20 03:40:30,7874.5,607789,7875.0,272785,203353,145569,57784,335004,0.5
1900-01-20 03:40:45,7877.5,545025,7878.0,2175,158803,47070,111733,542850,0.5
1900-01-20 03:41:00,7885.5,472519,7886.0,206317,206297,18636,187661,266202,0.5
1900-01-20 03:41:15,7889.0,234646,7889.5,585484,411006,113083,297923,-350838,0.5
1900-01-20 03:41:30,7881.5,8734,7886.0,447404,30337,167960,-137623,-438670,4.5
1900-01-20 03:41:45,7888.0,101329,7888.5,781094,32153,112686,-80533,-679765,0.5
1900-01-20 03:42:00,7880.0,261796,7880.5,54268,195236,122522,72714,207528,0.5
1900-01-20 03:42:15,7878.5,251,7879.0,548032,27173,83381,-56208,-547781,0.5
1900-01-20 03:42:30,7875.5,256575,7876.0,480540,16554,137144,-120590,-223965,0.5
1900-01-20 03:42:45,7876.5,3494,7877.0,258388,162158,121787,40371,-254894,0.5
1900-01-20 03:43:00,7876.0,621191,7876.5,127331,121648,17878,103770,493860,0.5
1900-01-20 03:43:15,7887.5,59359,7888.0,391808,140220,74288,65932,-332449,0.5
1900-01-20 03:43:30,7897.0,102952,7897.5,51153,334441,33743,300698,51799,0.5
1900-01-20 03:43:45,7895.5,240929,7896.0,343740,335452,201528,133924,-102811,0.5
1900-01-20 03:44:00,7906.5,1077405,7907.0,36957,167424,172304,-4880,1040448,0.5
1900-01-20 03:44:15,7899.0,15672,7899.5,300853,189855,202055,-12200,-285181,0.5
1900-01-20 03:44:30,7904.5,1196364,7905.0,65689,339738,263821,75917,1130675,0.5
1900-01-20 03:44:45,7909.5,1067145,7910.0,37029,224101,57309,166792,1030116,0.5
1900-01-20 03:45:00,7920.0,197157,7920.5,9569,764672,65957,698715,187588,0.5
1900-01-20 03:45:15,7929.5,570225,7930.0,190899,918758,187723,731035,379326,0.5
1900-01-20 03:45:30,7924.0,15629,7924.5,352651,194475,908541,-714066,-337022,0.5
1900-01-20 03:45:45,7922.5,5133,7923.0,391706,126550,426636,-300086,-386573,0.5
1900-01-20 03:46:00,7908.0,8183,7908.5,566862,22985,626592,-603607,-558679,0.5
1900-01-20 03:46:15,7903.0,178720,7903.5,58528,82053,419676,-337623,120192,0.5
1900-01-20 03:46:30,7893.5,1334,7894.0,57483,480215,370579,109636,-56149,0.5
1900-01-20 03:46:45,7907.0,178887,7907.5,39535,228912,237639,-8727,139352,0.5
1900-01-20 03:47:00,7894.5,332642,7895.0,84255,162580,144849,17731,248387,0.5
1900-01-20 03:47:15,7898.5,50182,7899.0,163811,252391,79094,173297,-113629,0.5
1900-01-20 03:47:30,7897.0,647120,7897.5,34456,73633,37352,36281,612664,0.5
1900-01-20 03:47:45,7902.0,300929,7902.5,20607,250053,85305,164748,280322,0.5
1900-01-20 03:48:00,7903.0,468332,7903.5,158282,217327,133297,84030,310050,0.5
1900-01-20 03:48:15,7906.5,193939,7907.0,63077,199186,205786,-6600,130862,0.5
1900-01-20 03:48:30,7911.0,88087,7911.5,42477,329553,198323,131230,45610,0.5
1900-01-20 03:48:45,7906.5,449640,7907.0,56720,33320,153618,-120298,392920,0.5
1900-01-20 03:49:00,7914.5,162356,7915.0,325658,196442,28313,168129,-163302,0.5
1900-01-20 03:49:15,7909.5,15,7910.0,281641,21692,138864,-117172,-281626,0.5
1900-01-20 03:49:30,7908.5,534338,7909.0,53052,108156,144847,-36691,481286,0.5
1900-01-20 03:49:45,7908.5,4026711,7909.0,323062,111357,187422,-76065,3703649,0.5
1900-01-20 03:50:00,7910.5,798601,7911.0,31385,208514,88399,120115,767216,0.5
1900-01-20 03:50:15,7918.5,474111,7919.0,328252,334081,197356,136725,145859,0.5
1900-01-20 03:50:30,7915.5,69257,7916.0,305135,260936,67830,193106,-235878,0.5
1900-01-20 03:50:45,7919.5,161709,7920.0,12618,120027,45037,74990,149091,0.5
1900-01-20 03:51:00,7924.5,308494,7925.0,168680,366368,108145,258223,139814,0.5
1900-01-20 03:51:15,7925.0,1060400,7925.5,40751,288479,147331,141148,1019649,0.5
1900-01-20 03:51:30,7934.0,172952,7934.5,242257,264605,93295,171310,-69305,0.5
1900-01-20 03:51:45,7942.5,39283,7943.0,61526,622094,191807,430287,-22243,0.5
1900-01-20 03:52:00,7936.0,13500,7936.5,47358,431495,39269,392226,-33858,0.5
1900-01-20 03:52:15,7932.5,1039335,7933.0,6,221739,317166,-95427,1039329,0.5
1900-01-20 03:52:30,7939.5,243420,7940.0,547811,407936,221163,186773,-304391,0.5
1900-01-20 03:52:45,7934.5,6191,7935.0,747910,51251,415514,-364263,-741719,0.5
1900-01-20 03:53:00,7932.5,663573,7933.0,30058,178571,299042,-120471,633515,0.5
1900-01-20 03:53:15,7942.5,154389,7943.0,314033,189350,104613,84737,-159644,0.5
1900-01-20 03:53:30,7949.5,319633,7950.0,1748702,1790586,279586,1511000,-1429069,0.5
1900-01-20 03:53:45,7966.5,22906,7967.0,135434,1443826,66296,1377530,-112528,0.5
1900-01-20 03:54:00,7964.5,851,7965.5,29020,896466,232227,664239,-28169,1.0
1900-01-20 03:54:15,7955.5,20805,7956.0,159234,863701,521791,341910,-138429,0.5
1900-01-20 03:54:30,7949.5,307888,7950.0,419838,521527,522030,-503,-111950,0.5
1900-01-20 03:54:45,7955.5,10670,7956.0,264020,289328,234626,54702,-253350,0.5
1900-01-20 03:55:00,7950.5,353782,7951.0,165828,106478,261879,-155401,187954,0.5
1900-01-20 03:55:15,7959.5,402656,7960.0,95675,583162,103448,479714,306981,0.5
1900-01-20 03:55:30,7957.0,86954,7957.5,289796,237837,267372,-29535,-202842,0.5
1900-01-20 03:55:45,7951.0,136975,7951.5,38888,76064,184569,-108505,98087,0.5
1900-01-20 03:56:00,7950.0,210185,7950.5,585204,289585,393141,-103556,-375019,0.5
1900-01-20 03:56:15,7941.5,470865,7942.0,94063,96337,399553,-303216,376802,0.5
1900-01-20 03:56:30,7940.0,4,7940.5,301456,87326,1137573,-1050247,-301452,0.5
1900-01-20 03:56:45,7927.5,58940,7928.0,350,21617,1039118,-1017501,58590,0.5
1900-01-20 03:57:00,7930.0,90992,7930.5,544049,205269,389548,-184279,-453057,0.5
1900-01-20 03:57:15,7925.5,80581,7926.0,455072,204752,235730,-30978,-374491,0.5
1900-01-20 03:57:30,7915.0,344426,7915.5,418672,51502,731772,-680270,-74246,0.5
1900-01-20 03:57:45,7917.0,226426,7917.5,233321,136750,369704,-232954,-6895,0.5
1900-01-20 03:58:00,7924.0,142428,7924.5,62336,241407,81711,159696,80092,0.5
1900-01-20 03:58:15,7934.0,470180,7934.5,285645,226395,115494,110901,184535,0.5
1900-01-20 03:58:30,7941.5,151457,7942.0,149708,186998,79428,107570,1749,0.5
1900-01-20 03:58:45,7942.5,80138,7943.0,596092,365565,31066,334499,-515954,0.5
1900-01-20 03:59:00,7940.0,3402985,7940.5,180689,282529,572557,-290028,3222296,0.5
1900-01-20 03:59:15,7949.0,116148,7949.5,462328,246577,47668,198909,-346180,0.5
1900-01-20 03:59:30,7953.0,42691,7953.5,160894,255409,29144,226265,-118203,0.5
1900-01-20 03:59:45,7949.5,23365,7950.0,154835,55952,560162,-504210,-131470,0.5
1900-01-20 04:00:00,7949.0,23756,7949.5,594089,35893,40622,-4729,-570333,0.5
1900-01-20 04:00:15,7949.0,33722,7949.5,35900,197689,714085,-516396,-2178,0.5
1900-01-20 04:00:30,7947.5,13118,7948.0,140548,243562,207364,36198,-127430,0.5
1900-01-20 04:00:45,7942.0,14047,7942.5,15035,351053,231810,119243,-988,0.5
1900-01-20 04:01:00,7935.0,94523,7935.5,152299,209960,565327,-355367,-57776,0.5
1900-01-20 04:01:15,7920.0,209233,7922.0,71359,40705,241921,-201216,137874,2.0
1900-01-20 04:01:30,7916.5,165030,7917.0,401613,237456,728063,-490607,-236583,0.5
1900-01-20 04:01:45,7916.0,111031,7916.5,213310,153947,432410,-278463,-102279,0.5
1900-01-20 04:02:00,7928.5,8000,7929.0,781,211503,267219,-55716,7219,0.5
1900-01-20 04:02:15,7931.5,383018,7932.0,354163,212225,147155,65070,28855,0.5
1900-01-20 04:02:30,7935.5,161838,7936.0,76102,326184,57259,268925,85736,0.5
1900-01-20 04:02:45,7932.5,405128,7933.0,149652,121480,120543,937,255476,0.5
1900-01-20 04:03:00,7932.5,3742,7933.0,126943,159447,31531,127916,-123201,0.5
1900-01-20 04:03:15,7937.5,540901,7938.0,77510,261030,87317,173713,463391,0.5
1900-01-20 04:03:30,7939.5,672580,7940.0,49491,62987,15701,47286,623089,0.5
1900-01-20 04:03:45,7939.5,619950,7940.0,184509,185932,11561,174371,435441,0.5
1900-01-20 04:04:00,7941.0,545253,7941.5,3201,133541,17728,115813,542052,0.5
1900-01-20 04:04:15,7948.0,287854,7948.5,122192,155056,26355,128701,165662,0.5
1900-01-20 04:04:30,7954.0,1037475,7954.5,31501,241821,33051,208770,1005974,0.5
1900-01-20 04:04:45,7957.5,22042,7958.0,7054,448745,113980,334765,14988,0.5
1900-01-20 04:05:00,7965.5,587996,7966.0,87696,1203157,96251,1106906,500300,0.5
1900-01-20 04:05:15,7954.0,36665,7954.5,359900,325628,166000,159628,-323235,0.5
1900-01-20 04:05:30,7953.5,97096,7954.0,337896,436474,563858,-127384,-240800,0.5
1900-01-20 04:05:45,7947.0,33343,7947.5,415228,67320,599476,-532156,-381885,0.5
1900-01-20 04:06:00,7937.5,930,7938.0,91457,15069,425454,-410385,-90527,0.5
1900-01-20 04:06:15,7939.5,11811,7940.0,565430,93595,238521,-144926,-553619,0.5
1900-01-20 04:06:30,7932.5,487784,7933.0,22120,66185,722656,-656471,465664,0.5
1900-01-20 04:06:45,7924.0,176523,7924.5,167152,63489,521186,-457697,9371,0.5
1900-01-20 04:07:00,7924.5,745500,7925.0,137762,282111,374143,-92032,607738,0.5
1900-01-20 04:07:15,7930.0,419356,7930.5,504123,327661,387012,-59351,-84767,0.5
1900-01-20 04:07:30,7930.0,229187,7930.5,461993,129535,182933,-53398,-232806,0.5
1900-01-20 04:07:45,7930.0,617342,7930.5,553360,25101,9483,15618,63982,0.5
1900-01-20 04:08:00,7930.0,519111,7930.5,355245,161709,130691,31018,163866,0.5
1900-01-20 04:08:15,7930.0,1147450,7930.5,89649,299480,67749,231731,1057801,0.5
1900-01-20 04:08:30,7937.5,281230,7938.0,194391,895771,34558,861213,86839,0.5
1900-01-20 04:08:45,7925.0,669161,7925.5,111361,125013,2773867,-2648854,557800,0.5
1900-01-20 04:09:00,7925.0,31597,7925.5,557160,11410,417593,-406183,-525563,0.5
1900-01-20 04:09:15,7923.0,5086,7923.5,552613,30170,356560,-326390,-547527,0.5
1900-01-20 04:09:30,7915.5,12600,7916.0,622098,59580,904130,-844550,-609498,0.5
1900-01-20 04:09:45,7914.5,263122,7915.0,352602,141071,1028896,-887825,-89480,0.5
1900-01-20 04:10:00,7914.0,121235,7914.5,431323,265239,379384,-114145,-310088,0.5
1900-01-20 04:10:15,7922.0,801191,7922.5,24979,321829,142057,179772,776212,0.5
1900-01-20 04:10:30,7922.5,29896,7923.0,290567,172467,92581,79886,-260671,0.5
1900-01-20 04:10:45,7922.0,278074,7922.5,304537,5795,137645,-131850,-26463,0.5
1900-01-20 04:11:00,7930.5,577371,7931.0,337435,311416,17258,294158,239936,0.5
1900-01-20 04:11:15,7934.5,318771,7935.0,78877,437975,89607,348368,239894,0.5
1900-01-20 04:11:30,7936.0,210027,7936.5,317082,134318,155165,-20847,-107055,0.5
1900-01-20 04:11:45,7934.0,36338,7934.5,240124,462356,191601,270755,-203786,0.5
1900-01-20 04:12:00,7931.5,1100517,7932.0,1380395,16106,202855,-186749,-279878,0.5
1900-01-20 04:12:15,7924.5,59023,7925.0,261508,73730,189723,-115993,-202485,0.5
1900-01-20 04:12:30,7922.0,3400,7922.5,474972,19664,158417,-138753,-471572,0.5
1900-01-20 04:12:45,7922.0,1137841,7922.5,181162,77471,93499,-16028,956679,0.5
1900-01-20 04:13:00,7925.0,551911,7925.5,65008,172782,20592,152190,486903,0.5
1900-01-20 04:13:15,7926.5,82482,7927.0,38003,72675,272704,-200029,44479,0.5
1900-01-20 04:13:30,7931.0,129890,7931.5,148337,89585,10988,78597,-18447,0.5
1900-01-20 04:13:45,7929.0,68883,7929.5,236659,29405,29226,179,-167776,0.5
1900-01-20 04:14:00,7933.0,173404,7933.5,108738,217971,42349,175622,64666,0.5
1900-01-20 04:14:15,7934.5,467424,7935.0,93502,32152,20762,11390,373922,0.5
1900-01-20 04:14:30,7942.5,663905,7943.0,50859,1404622,14525,1390097,613046,0.5
1900-01-20 04:14:45,7946.5,231061,7947.0,113962,138786,47921,90865,117099,0.5
1900-01-20 04:15:00,7941.0,74937,7941.5,74990,110393,116105,-5712,-53,0.5
1900-01-20 04:15:15,7938.0,56659,7938.5,227428,14639,380867,-366228,-170769,0.5
1900-01-20 04:15:30,7938.5,153896,7939.0,144575,5332,133686,-128354,9321,0.5
1900-01-20 04:15:45,7943.0,148488,7943.5,306144,102983,22961,80022,-157656,0.5
1900-01-20 04:16:00,7943.0,246663,7943.5,239490,106889,53121,53768,7173,0.5
1900-01-20 04:16:15,7944.0,1643357,7944.5,166123,319274,24203,295071,1477234,0.5
1900-01-20 04:16:30,7947.0,600916,7947.5,4785,306020,7369,298651,596131,0.5
1900-01-20 04:16:45,7951.5,653406,7952.0,294498,351489,95864,255625,358908,0.5
1900-01-20 04:17:00,7956.5,564433,7957.0,138135,260858,28963,231895,426298,0.5
1900-01-20 04:17:15,7959.5,423994,7960.0,130506,369320,26461,342859,293488,0.5
1900-01-20 04:17:30,7952.0,1025121,7952.5,59240,106508,81200,25308,965881,0.5
1900-01-20 04:17:45,7950.0,572659,7950.5,473530,112569,113302,-733,99129,0.5
1900-01-20 04:18:00,7941.0,1059726,7941.5,569,32456,740036,-707580,1059157,0.5
1900-01-20 04:18:15,7928.0,85514,7928.5,309352,17391,221191,-203800,-223838,0.5
1900-01-20 04:18:30,7924.0,252409,7924.5,186333,61050,350782,-289732,66076,0.5
1900-01-20 04:18:45,7927.5,502038,7928.0,370,232736,222479,10257,501668,0.5
1900-01-20 04:19:00,7923.0,65328,7923.5,477616,67726,65567,2159,-412288,0.5
1900-01-20 04:19:15,7923.0,41658,7923.5,15946,117001,102088,14913,25712,0.5
1900-01-20 04:19:30,7916.0,5612,7916.5,325473,116187,259240,-143053,-319861,0.5
1900-01-20 04:19:45,7912.5,31632,7913.0,423667,141050,441601,-300551,-392035,0.5
1900-01-20 04:20:00,7917.5,81015,7918.0,14200,273875,361932,-88057,66815,0.5
1900-01-20 04:20:15,7920.5,9930,7921.0,600862,353734,172344,181390,-590932,0.5
1900-01-20 04:20:30,7914.0,728441,7914.5,244807,41675,104634,-62959,483634,0.5
1900-01-20 04:20:45,7919.5,61627,7920.0,367923,186242,77408,108834,-306296,0.5
1900-01-20 04:21:00,7910.0,146589,7910.5,377732,8654,463789,-455135,-231143,0.5
1900-01-20 04:21:15,7926.0,14898,7926.5,39612,486121,619676,-133555,-24714,0.5
1900-01-20 04:21:30,7918.0,4317,7918.5,567324,352274,127122,225152,-563007,0.5
1900-01-20 04:21:45,7909.5,606627,7910.0,227272,998894,131110,867784,379355,0.5
1900-01-20 04:22:00,7907.0,646,7907.5,62348,101382,234167,-132785,-61702,0.5
1900-01-20 04:22:15,7891.0,63943,7891.5,148793,34847,618925,-584078,-84850,0.5
1900-01-20 04:22:30,7866.0,123504,7866.5,16059,224168,1449349,-1225181,107445,0.5
1900-01-20 04:22:45,7889.5,54352,7890.0,8585,802121,2685354,-1883233,45767,0.5
1900-01-20 04:23:00,7892.5,11161,7893.0,1106989,217827,284676,-66849,-1095828,0.5
1900-01-20 04:23:15,7888.0,126371,7888.5,4648,253156,528250,-275094,121723,0.5
1900-01-20 04:23:30,7903.5,710781,7904.0,115067,354469,1224183,-869714,595714,0.5
1900-01-20 04:23:45,7903.5,425315,7904.0,142367,526960,124827,402133,282948,0.5
1900-01-20 04:24:00,7892.5,39824,7893.0,33342,114813,340808,-225995,6482,0.5
1900-01-20 04:24:15,7892.5,267606,7893.0,52516,287467,117522,169945,215090,0.5
1900-01-20 04:24:30,7894.5,88508,7895.0,763430,102667,57737,44930,-674922,0.5
1900-01-20 04:24:45,7891.5,480146,7892.0,423167,64377,235055,-170678,56979,0.5
1900-01-20 04:25:00,7894.5,627169,7895.0,135109,1205966,105532,1100434,492060,0.5
1900-01-20 04:25:15,7894.0,11228,7894.5,294811,178935,64680,114255,-283583,0.5
1900-01-20 04:25:30,7888.5,131363,7889.0,3423349,94127,184075,-89948,-3291986,0.5
1900-01-20 04:25:45,7888.0,8000,7888.5,2324,792339,537224,255115,5676,0.5
1900-01-20 04:26:00,7887.5,512385,7888.0,248,191534,76729,114805,512137,0.5
1900-01-20 04:26:15,7896.5,96639,7897.0,364172,522739,19304,503435,-267533,0.5
1900-01-20 04:26:30,7896.5,743061,7897.0,7392,126148,49730,76418,735669,0.5
1900-01-20 04:26:45,7902.5,344252,7903.0,47951,143885,11636,132249,296301,0.5
1900-01-20 04:27:00,7904.5,612653,7905.0,17064,289645,16412,273233,595589,0.5
1900-01-20 04:27:15,7910.0,2030,7910.5,231971,351502,18801,332701,-229941,0.5
1900-01-20 04:27:30,7910.0,573036,7910.5,393010,257440,31029,226411,180026,0.5
1900-01-20 04:27:45,7910.0,1173381,7910.5,166424,213877,30696,183181,1006957,0.5
1900-01-20 04:28:00,7910.5,754552,7911.0,377820,81264,19122,62142,376732,0.5
1900-01-20 04:28:15,7913.0,575308,7913.5,116722,372011,22434,349577,458586,0.5
1900-01-20 04:28:30,7914.5,206334,7915.0,304291,408237,51715,356522,-97957,0.5
1900-01-20 04:28:45,7914.5,253320,7915.0,263418,52691,59899,-7208,-10098,0.5
1900-01-20 04:29:00,7916.0,1126486,7916.5,104083,388758,33858,354900,1022403,0.5
1900-01-20 04:29:15,7921.5,159197,7922.0,114270,381858,2707,379151,44927,0.5
1900-01-20 04:29:30,7919.0,111207,7919.5,570304,316407,193106,123301,-459097,0.5
1900-01-20 04:29:45,7915.0,517859,7915.5,186720,77013,217935,-140922,331139,0.5
1900-01-20 04:30:00,7915.0,308432,7915.5,338069,43490,37975,5515,-29637,0.5
1900-01-20 04:30:15,7915.0,142015,7915.5,362685,40705,125452,-84747,-220670,0.5
1900-01-20 04:30:30,7910.5,563440,7911.0,173137,16143,137229,-121086,390303,0.5
1900-01-20 04:30:45,7904.5,58030,7905.0,105299,50747,233500,-182753,-47269,0.5
1900-01-20 04:31:00,7901.5,68518,7902.0,421551,108537,212111,-103574,-353033,0.5
1900-01-20 04:31:15,7908.0,387841,7908.5,144868,281987,48707,233280,242973,0.5
1900-01-20 04:31:30,7905.0,112579,7905.5,445149,114336,191982,-77646,-332570,0.5
1900-01-20 04:31:45,7905.0,72890,7905.5,363880,24820,23376,1444,-290990,0.5
1900-01-20 04:32:00,7909.5,304225,7910.0,89302,217790,58260,159530,214923,0.5
1900-01-20 04:32:15,7910.0,599707,7910.5,50426,111665,29078,82587,549281,0.5
1900-01-20 04:32:30,7912.0,137204,7912.5,245940,119180,28807,90373,-108736,0.5
1900-01-20 04:32:45,7913.5,369029,7914.0,61934,23330,63187,-39857,307095,0.5
1900-01-20 04:33:00,7912.0,547230,7912.5,10491,261958,23701,238257,536739,0.5
1900-01-20 04:33:15,7915.0,389331,7915.5,205041,38276,4585,33691,184290,0.5
1900-01-20 04:33:30,7915.0,383379,7915.5,225256,33461,7820,25641,158123,0.5
1900-01-20 04:33:45,7915.5,131654,7916.0,59739,60354,112952,-52598,71915,0.5
1900-01-20 04:34:00,7921.5,948182,7922.0,27434,388535,28848,359687,920748,0.5
1900-01-20 04:34:15,7921.0,52621,7921.5,821657,149757,190776,-41019,-769036,0.5
1900-01-20 04:34:30,7915.0,218397,7915.5,225940,27368,103515,-76147,-7543,0.5
1900-01-20 04:34:45,7916.0,29721,7916.5,435338,18554,26117,-7563,-405617,0.5
1900-01-20 04:35:00,7912.5,12397,7913.0,887789,10429,194315,-183886,-875392,0.5
1900-01-20 04:35:15,7909.0,1625,7909.5,1192307,178,115426,-115248,-1190682,0.5
1900-01-20 04:35:30,7908.0,320,7908.5,498332,18040,99415,-81375,-498012,0.5
1900-01-20 04:35:45,7905.5,230208,7906.0,858790,2713,113594,-110881,-628582,0.5
1900-01-20 04:36:00,7902.0,596378,7902.5,51783,178327,203999,-25672,544595,0.5
1900-01-20 04:36:15,7904.5,484286,7905.0,30582,165790,44396,121394,453704,0.5
1900-01-20 04:36:30,7904.0,19703,7904.5,295611,78078,111107,-33029,-275908,0.5
1900-01-20 04:36:45,7903.5,7476,7904.0,443371,7573,15274,-7701,-435895,0.5
1900-01-20 04:37:00,7902.0,716604,7902.5,203332,13939,26629,-12690,513272,0.5
1900-01-20 04:37:15,7903.0,256978,7903.5,176201,118420,46752,71668,80777,0.5
1900-01-20 04:37:30,7902.0,102593,7902.5,426021,16054,50311,-34257,-323428,0.5
1900-01-20 04:37:45,7896.0,22543,7896.5,156337,108978,514600,-405622,-133794,0.5
1900-01-20 04:38:00,7893.5,400800,7894.0,79400,28638,55202,-26564,321400,0.5
1900-01-20 04:38:15,7891.0,1361346,7891.5,8861,106848,74055,32793,1352485,0.5
1900-01-20 04:38:30,7894.5,1018900,7895.0,26471,114790,34347,80443,992429,0.5
1900-01-20 04:38:45,7886.5,580882,7887.0,176669,98830,224218,-125388,404213,0.5
1900-01-20 04:39:00,7887.5,7291,7888.0,1051461,78134,30800,47334,-1044170,0.5
1900-01-20 04:39:15,7889.0,159915,7889.5,1097,116787,148812,-32025,158818,0.5
1900-01-20 04:39:30,7892.0,17496,7892.5,213704,205752,37692,168060,-196208,0.5
1900-01-20 04:39:45,7894.0,29577,7894.5,565612,39979,32728,7251,-536035,0.5
1900-01-20 04:40:00,7894.0,128631,7894.5,742007,7465,24963,-17498,-613376,0.5
1900-01-20 04:40:15,7891.0,80552,7891.5,577908,130294,33732,96562,-497356,0.5
1900-01-20 04:40:30,7885.0,13584,7885.5,396470,25475,126563,-101088,-382886,0.5
1900-01-20 04:40:45,7878.0,71917,7878.5,654534,18657,486764,-468107,-582617,0.5
1900-01-20 04:41:00,7866.5,566552,7867.0,182397,12236,971638,-959402,384155,0.5
1900-01-20 04:41:15,7874.5,359404,7875.0,354797,230125,325216,-95091,4607,0.5
1900-01-20 04:41:30,7874.0,802845,7874.5,302359,87765,63172,24593,500486,0.5
1900-01-20 04:41:45,7872.0,431096,7872.5,296666,42166,152409,-110243,134430,0.5
1900-01-20 04:42:00,7863.0,244046,7863.5,137148,179812,677597,-497785,106898,0.5
1900-01-20 04:42:15,7860.0,1192571,7860.5,2943,207255,306450,-99195,1189628,0.5
1900-01-20 04:42:30,7866.0,20226,7866.5,613539,54477,185334,-130857,-593313,0.5
1900-01-20 04:42:45,7874.0,422425,7874.5,11982,792727,104060,688667,410443,0.5
1900-01-20 04:43:00,7883.0,320612,7883.5,107578,355747,8917,346830,213034,0.5
1900-01-20 04:43:15,7884.0,225199,7884.5,73988,622272,72422,549850,151211,0.5
1900-01-20 04:43:30,7891.0,66142,7891.5,2,146317,199624,-53307,66140,0.5
1900-01-20 04:43:45,7891.0,326333,7891.5,73754,175288,381,174907,252579,0.5
1900-01-20 04:44:00,7897.0,383188,7897.5,273993,252302,220439,31863,109195,0.5
1900-01-20 04:44:15,7910.0,126569,7910.5,66851,1590144,93385,1496759,59718,0.5
1900-01-20 04:44:30,7901.5,307447,7902.0,213439,78302,54567,23735,94008,0.5
1900-01-20 04:44:45,7896.0,74886,7896.5,505839,65649,61710,3939,-430953,0.5
1900-01-20 04:45:00,7890.5,566580,7891.0,271915,77921,94245,-16324,294665,0.5
1900-01-20 04:45:15,7890.5,1296201,7891.0,32570,174241,119978,54263,1263631,0.5
1900-01-20 04:45:30,7890.5,1502618,7891.0,1094579,19879,18295,1584,408039,0.5
1900-01-20 04:45:45,7899.5,964829,7900.0,1199311,323921,35510,288411,-234482,0.5
1900-01-20 04:46:00,7899.5,879190,7900.0,637942,606019,214417,391602,241248,0.5
1900-01-20 04:46:15,7899.5,587351,7900.0,63714,108825,24143,84682,523637,0.5
1900-01-20 04:46:30,7900.5,125138,7901.0,389897,188807,64872,123935,-264759,0.5
1900-01-20 04:46:45,7902.5,444244,7903.0,10902,37528,28738,8790,433342,0.5
1900-01-20 04:47:00,7905.0,442323,7905.5,95941,27380,7720,19660,346382,0.5
1900-01-20 04:47:15,7906.5,792080,7907.0,162072,158753,10304,148449,630008,0.5
1900-01-20 04:47:30,7911.0,190301,7911.5,51491,110773,116356,-5583,138810,0.5
1900-01-20 04:47:45,7914.5,55946,7915.0,510413,77866,266499,-188633,-454467,0.5
1900-01-20 04:48:00,7919.5,135227,7920.0,82067,123451,37549,85902,53160,0.5
1900-01-20 04:48:15,7917.0,43,7917.5,928834,102778,50915,51863,-928791,0.5
1900-01-20 04:48:30,7919.0,66261,7919.5,494205,174147,88622,85525,-427944,0.5
1900-01-20 04:48:45,7914.0,400779,7914.5,22559,33826,61003,-27177,378220,0.5
1900-01-20 04:49:00,7914.0,617947,7914.5,80735,20384,4798,15586,537212,0.5
1900-01-20 04:49:15,7914.0,1753786,7914.5,153214,18617,1630,16987,1600572,0.5
1900-01-20 04:49:30,7914.0,2003378,7914.5,53579,58001,13379,44622,1949799,0.5
1900-01-20 04:49:45,7920.0,770209,7920.5,13308,187566,11859,175707,756901,0.5
1900-01-20 04:50:00,7923.5,1556097,7924.0,33906,128740,19950,108790,1522191,0.5
1900-01-20 04:50:15,7932.0,62587,7932.5,9506,460731,17020,443711,53081,0.5
1900-01-20 04:50:30,7944.0,564703,7944.5,635823,395512,23868,371644,-71120,0.5
1900-01-20 04:50:45,7941.0,32545,7941.5,857151,156129,139908,16221,-824606,0.5
1900-01-20 04:51:00,7939.0,37895,7939.5,1144753,149470,397581,-248111,-1106858,0.5
1900-01-20 04:51:15,7943.5,186800,7944.0,116119,127891,104008,23883,70681,0.5
1900-01-20 04:51:30,7959.5,49622,7960.0,130802,359506,96777,262729,-81180,0.5
1900-01-20 04:51:45,7964.0,483585,7964.5,109398,1481144,205837,1275307,374187,0.5
1900-01-20 04:52:00,7978.0,600,7979.0,143967,1164105,125451,1038654,-143367,1.0
1900-01-20 04:52:15,7978.0,96992,7978.5,46051,873979,223218,650761,50941,0.5
1900-01-20 04:52:30,7989.0,77197,7989.5,327138,1369711,118642,1251069,-249941,0.5
1900-01-20 04:52:45,7975.0,39132,7975.5,357036,350600,380217,-29617,-317904,0.5
1900-01-20 04:53:00,7981.0,245181,7981.5,4072,348683,160831,187852,241109,0.5
1900-01-20 04:53:15,7987.0,341365,7987.5,157482,542141,453081,89060,183883,0.5
1900-01-20 04:53:30,7998.5,162019,7999.0,215850,629456,44331,585125,-53831,0.5
1900-01-20 04:53:45,8004.0,89986,8005.0,183638,4346792,533942,3812850,-93652,1.0
1900-01-20 04:54:00,8029.5,35042,8030.0,22,1750445,36625,1713820,35020,0.5
1900-01-20 04:54:15,8030.5,280772,8031.0,58849,1230053,584995,645058,221923,0.5
1900-01-20 04:54:30,8017.0,56137,8017.5,131099,691989,662756,29233,-74962,0.5
1900-01-20 04:54:45,7990.5,8956,7994.5,12000,467511,1134947,-667436,-3044,4.0
1900-01-20 04:55:00,7988.5,142613,7989.0,536261,275452,807131,-531679,-393648,0.5
1900-01-20 04:55:15,7998.0,300758,7998.5,309753,553656,138098,415558,-8995,0.5
1900-01-20 04:55:30,7998.0,329927,7998.5,434931,532443,142641,389802,-105004,0.5
1900-01-20 04:55:45,7980.5,91558,7986.0,7967,167100,927140,-760040,83591,5.5
1900-01-20 04:56:00,7986.0,76376,7986.5,77489,165779,243747,-77968,-1113,0.5
1900-01-20 04:56:15,7990.5,332035,7991.0,129032,208713,41076,167637,203003,0.5
1900-01-20 04:56:30,7994.0,58606,7994.5,710177,336226,197843,138383,-651571,0.5
1900-01-20 04:56:45,7999.5,438652,8000.0,492222,398018,66908,331110,-53570,0.5
1900-01-20 04:57:00,7999.5,428296,8000.0,31486,329690,118852,210838,396810,0.5
1900-01-20 04:57:15,8004.5,11159,8005.0,133581,65502,35388,30114,-122422,0.5
1900-01-20 04:57:30,8009.5,63610,8010.0,601482,174523,243381,-68858,-537872,0.5
1900-01-20 04:57:45,8016.0,265024,8016.5,19566,462272,48588,413684,245458,0.5
1900-01-20 04:58:00,8013.0,305794,8013.5,467210,150829,82550,68279,-161416,0.5
1900-01-20 04:58:15,8002.5,4379,8003.0,21932,27101,1168897,-1141796,-17553,0.5
1900-01-20 04:58:30,7988.5,803671,7989.0,109045,30023,225748,-195725,694626,0.5
1900-01-20 04:58:45,7990.5,184086,7991.0,117078,179540,414052,-234512,67008,0.5
1900-01-20 04:59:00,7990.0,272802,7990.5,148888,21490,567068,-545578,123914,0.5
1900-01-20 04:59:15,7988.0,520150,7988.5,136214,22435,489670,-467235,383936,0.5
1900-01-20 04:59:30,7999.5,223863,8000.0,682302,336667,146454,190213,-458439,0.5
1900-01-20 04:59:45,7991.5,774926,7992.0,17970,88817,267766,-178949,756956,0.5
1900-01-20 05:00:00,7993.0,357926,7993.5,39261,44721,89560,-44839,318665,0.5
1900-01-20 05:00:15,7993.0,13999,7993.5,803896,288669,335581,-46912,-789897,0.5
1900-01-20 05:00:30,7985.0,95857,7987.0,7406,30677,467164,-436487,88451,2.0
1900-01-20 05:00:45,7982.0,444607,7982.5,98836,55802,455133,-399331,345771,0.5
1900-01-20 05:01:00,7980.0,151835,7980.5,438356,100114,343522,-243408,-286521,0.5
1900-01-20 05:01:15,7972.0,196461,7972.5,209712,24333,409978,-385645,-13251,0.5
1900-01-20 05:01:30,7971.0,92171,7971.5,176878,77106,656959,-579853,-84707,0.5
1900-01-20 05:01:45,7976.0,360018,7976.5,187717,678583,89544,589039,172301,0.5
1900-01-20 05:02:00,7971.5,645139,7972.0,69264,178660,68136,110524,575875,0.5
1900-01-20 05:02:15,7977.5,546017,7978.0,62075,202991,64484,138507,483942,0.5
1900-01-20 05:02:30,7976.0,6036,7976.5,662415,77239,156033,-78794,-656379,0.5
1900-01-20 05:02:45,7975.0,290072,7975.5,425457,21560,140894,-119334,-135385,0.5
1900-01-20 05:03:00,7971.0,96992,7971.5,485201,73150,160036,-86886,-388209,0.5
1900-01-20 05:03:15,7966.0,1131285,7966.5,16124,60292,276846,-216554,1115161,0.5
1900-01-20 05:03:30,7975.5,423934,7976.0,8916,301693,103526,198167,415018,0.5
1900-01-20 05:03:45,7983.0,713956,7983.5,172821,87701,85761,1940,541135,0.5
1900-01-20 05:04:00,7983.0,350977,7983.5,125726,170422,109950,60472,225251,0.5
1900-01-20 05:04:15,7984.5,104879,7985.0,521982,152457,64351,88106,-417103,0.5
1900-01-20 05:04:30,7980.5,296486,7981.0,1088592,36219,122415,-86196,-792106,0.5
1900-01-20 05:04:45,7980.0,970853,7980.5,323970,74051,418249,-344198,646883,0.5
1900-01-20 05:05:00,7981.5,872652,7982.0,40682,520437,143652,376785,831970,0.5
1900-01-20 05:05:15,7994.5,1924659,7995.0,116795,301956,49365,252591,1807864,0.5
1900-01-20 05:05:30,7989.5,32383,7990.0,323365,144552,199156,-54604,-290982,0.5
1900-01-20 05:05:45,7998.0,12664,7998.5,467082,121145,30439,90706,-454418,0.5
1900-01-20 05:06:00,7993.0,450855,7993.5,15909,36449,104566,-68117,434946,0.5
1900-01-20 05:06:15,7990.5,45203,7991.0,411932,101950,127382,-25432,-366729,0.5
1900-01-20 05:06:30,7995.5,22525,7996.0,681148,17055,228656,-211601,-658623,0.5
1900-01-20 05:06:45,7992.0,1077997,7992.5,170,134847,24120,110727,1077827,0.5
1900-01-20 05:07:00,7996.5,512520,7997.0,276129,292817,35346,257471,236391,0.5
1900-01-20 05:07:15,7999.0,1214325,7999.5,187527,308426,12286,296140,1026798,0.5
1900-01-20 05:07:30,8008.5,501140,8009.0,267553,416908,49167,367741,233587,0.5
1900-01-20 05:07:45,8013.0,348057,8013.5,1681,264438,101195,163243,346376,0.5
1900-01-20 05:08:00,8022.5,3105,8023.0,130856,624075,16332,607743,-127751,0.5
1900-01-20 05:08:15,8015.5,1106921,8016.0,43992,225480,229513,-4033,1062929,0.5
1900-01-20 05:08:30,8023.0,1210585,8023.5,17648,187443,21235,166208,1192937,0.5
1900-01-20 05:08:45,8029.5,219815,8030.0,761030,461459,176415,285044,-541215,0.5
1900-01-20 05:09:00,8029.0,316321,8029.5,550304,224874,242028,-17154,-233983,0.5
1900-01-20 05:09:15,8016.0,31424,8016.5,419094,107438,270363,-162925,-387670,0.5
1900-01-20 05:09:30,8015.5,30000,8016.0,36233,163089,151857,11232,-6233,0.5
1900-01-20 05:09:45,8014.5,314221,8015.0,577521,489164,172181,316983,-263300,0.5
1900-01-20 05:10:00,8002.0,62175,8002.5,177300,70286,320189,-249903,-115125,0.5
1900-01-20 05:10:15,8008.5,1403,8009.0,214368,51203,171220,-120017,-212965,0.5
1900-01-20 05:10:30,8001.0,13969,8001.5,287284,24230,78186,-53956,-273315,0.5
1900-01-20 05:11:45,8008.5,333176,8009.0,27602,134526,4278,130248,305574,0.5
1900-01-20 05:12:00,8012.0,609501,8012.5,69451,120958,22292,98666,540050,0.5
1900-01-20 05:12:15,8012.0,252427,8012.5,645388,19655,36031,-16376,-392961,0.5
1900-01-20 05:12:30,8010.5,17367,8011.0,867042,44252,194148,-149896,-849675,0.5
1900-01-20 05:12:45,8002.5,356866,8003.0,593589,26586,44044,-17458,-236723,0.5
1900-01-20 05:13:00,8000.0,78233,8000.5,938119,96982,294097,-197115,-859886,0.5
1900-01-20 05:13:15,8000.0,563102,8000.5,122,16474,181282,-164808,562980,0.5
1900-01-20 05:13:30,7990.0,721151,7990.5,274404,96969,403052,-306083,446747,0.5
1900-01-20 05:13:45,7993.5,67957,7994.0,497311,115233,161989,-46756,-429354,0.5
1900-01-20 05:14:00,7993.5,50536,7994.0,618199,16270,47803,-31533,-567663,0.5
1900-01-20 05:14:15,7991.0,306592,7991.5,177048,47955,100796,-52841,129544,0.5
1900-01-20 05:14:30,7997.0,1240220,7997.5,22310,66337,23467,42870,1217910,0.5
1900-01-20 05:14:45,8002.5,179073,8003.0,35000,233289,31228,202061,144073,0.5
1900-01-20 05:15:00,8004.5,42409,8005.0,523767,138844,104635,34209,-481358,0.5
1900-01-20 05:15:15,8000.0,412366,8000.5,847479,65875,23108,42767,-435113,0.5
1900-01-20 05:15:30,7992.0,96886,7992.5,836425,21520,223618,-202098,-739539,0.5
1900-01-20 05:15:45,7990.0,123842,7990.5,529218,16425,81654,-65229,-405376,0.5
1900-01-20 05:16:00,7982.0,36180,7982.5,856199,3345,211341,-207996,-820019,0.5
1900-01-20 05:16:15,7976.5,102468,7977.0,410648,20497,868657,-848160,-308180,0.5
1900-01-20 05:16:30,7979.5,32092,7980.0,498299,42616,71839,-29223,-466207,0.5
1900-01-20 05:16:45,7992.0,152504,7992.5,5040,109345,28857,80488,147464,0.5
1900-01-20 05:17:00,7985.5,32,7986.0,35744,145934,82763,63171,-35712,0.5
1900-01-20 05:17:15,7985.0,9900,7985.5,377211,356680,201258,155422,-367311,0.5
1900-01-20 05:17:30,7975.0,1156427,7975.5,42276,40806,120130,-79324,1114151,0.5
1900-01-20 05:17:45,7975.0,490050,7975.5,369754,109635,77588,32047,120296,0.5
1900-01-20 05:18:00,7979.5,179178,7980.0,352247,149910,50839,99071,-173069,0.5
1900-01-20 05:18:15,7976.5,232189,7977.0,438756,14356,25903,-11547,-206567,0.5
1900-01-20 05:18:30,7975.5,140525,7976.0,566614,44677,170087,-125410,-426089,0.5
1900-01-20 05:18:45,7986.5,143374,7987.0,358519,62328,124091,-61763,-215145,0.5
1900-01-20 05:19:00,7979.5,354669,7980.0,425247,301519,24393,277126,-70578,0.5
1900-01-20 05:19:15,7982.5,232808,7983.0,361072,43072,41931,1141,-128264,0.5
1900-01-20 05:19:30,7985.0,128864,7985.5,567452,98841,110526,-11685,-438588,0.5
1900-01-20 05:19:45,7983.0,475128,7983.5,812333,205,269322,-269117,-337205,0.5
1900-01-20 05:20:00,7975.0,115282,7975.5,677235,9319,130964,-121645,-561953,0.5
