time,bid,bidSize,ask,askSize,buyMO,sellMO,buySellImb,orderImb,spread
1900-01-24 00:00:00,7624.0,17430,7624.5,913157,102901,77308,25593,-895727,0.5
1900-01-24 00:00:15,7616.5,6478,7617.0,5000,224630,340895,-116265,1478,0.5
1900-01-24 00:00:30,7607.0,231562,7613.5,4782,169390,1020879,-851489,226780,6.5
1900-01-24 00:00:45,7603.5,224465,7604.0,119911,70595,677397,-606802,104554,0.5
1900-01-24 00:01:00,7612.0,8567,7612.5,293009,119240,391832,-272592,-284442,0.5
1900-01-24 00:01:15,7612.5,567695,7613.0,152360,110392,225764,-115372,415335,0.5
1900-01-24 00:01:30,7619.0,71377,7619.5,5268,282944,64181,218763,66109,0.5
1900-01-24 00:01:45,7626.5,230355,7627.0,1026,382323,23950,358373,229329,0.5
1900-01-24 00:02:00,7621.5,103104,7622.5,295191,196574,504935,-308361,-192087,1.0
1900-01-24 00:02:15,7616.0,289023,7616.5,424280,183427,283724,-100297,-135257,0.5
1900-01-24 00:02:30,7610.5,182916,7611.0,643884,31546,279564,-248018,-460968,0.5
1900-01-24 00:02:45,7610.0,223227,7610.5,115243,118725,312883,-194158,107984,0.5
1900-01-24 00:03:00,7609.0,161351,7609.5,403809,480823,74643,406180,-242458,0.5
1900-01-24 00:03:15,7603.0,261736,7603.5,863657,47555,1502561,-1455006,-601921,0.5
1900-01-24 00:03:30,7584.5,85568,7585.5,42702,117800,1204925,-1087125,42866,1.0
1900-01-24 00:03:45,7606.0,209383,7606.5,72771,412408,250239,162169,136612,0.5
1900-01-24 00:04:00,7598.5,376497,7599.0,104969,80926,160586,-79660,271528,0.5
1900-01-24 00:04:15,7606.5,49603,7607.0,168637,624567,245549,379018,-119034,0.5
1900-01-24 00:04:30,7609.5,399621,7610.0,315542,368071,129678,238393,84079,0.5
1900-01-24 00:04:45,7618.0,2000,7618.5,660296,593266,120766,472500,-658296,0.5
1900-01-24 00:05:00,7618.0,548378,7618.5,22557,192122,154661,37461,525821,0.5
1900-01-24 00:05:15,7624.5,91966,7625.0,209410,279741,22778,256963,-117444,0.5
1900-01-24 00:05:30,7625.0,32775,7625.5,59580,272743,192892,79851,-26805,0.5
1900-01-24 00:05:45,7624.0,15565,7624.5,1271682,43721,338589,-294868,-1256117,0.5
1900-01-24 00:06:00,7620.0,174382,7620.5,164552,228935,170272,58663,9830,0.5
1900-01-24 00:06:15,7628.5,175487,7629.0,721846,278333,101291,177042,-546359,0.5
1900-01-24 00:06:30,7624.5,885176,7625.0,34667,60538,303390,-242852,850509,0.5
1900-01-24 00:06:45,7631.0,511422,7631.5,18255,654976,124484,530492,493167,0.5
1900-01-24 00:07:00,7634.5,301307,7635.0,522886,283110,19025,264085,-221579,0.5
1900-01-24 00:07:15,7637.5,532095,7638.0,33232,202717,359747,-157030,498863,0.5
1900-01-24 00:07:30,7635.5,5850,7636.0,85524,237165,87071,150094,-79674,0.5
1900-01-24 00:07:45,7635.5,849788,7636.0,251761,174900,29916,144984,598027,0.5
1900-01-24 00:08:00,7646.0,610515,7646.5,45191,350984,241134,109850,565324,0.5
1900-01-24 00:08:15,7641.5,19010,7642.0,391408,293350,40676,252674,-372398,0.5
1900-01-24 00:08:30,7639.0,864145,7639.5,20807,61399,33180,28219,843338,0.5
1900-01-24 00:08:45,7638.0,16164,7638.5,504859,117575,119816,-2241,-488695,0.5
1900-01-24 00:09:00,7639.0,876550,7639.5,183113,36326,73784,-37458,693437,0.5
1900-01-24 00:09:15,7641.0,561114,7641.5,231530,70513,61731,8782,329584,0.5
1900-01-24 00:09:30,7643.0,812617,7643.5,11465,228073,37758,190315,801152,0.5
1900-01-24 00:09:45,7643.0,827116,7643.5,242075,93102,80794,12308,585041,0.5
1900-01-24 00:10:00,7643.5,733926,7644.0,15115,113383,34359,79024,718811,0.5
1900-01-24 00:10:15,7644.5,359915,7645.0,722392,42359,7023,35336,-362477,0.5
1900-01-24 00:10:30,7641.5,34899,7642.0,422369,44182,149029,-104847,-387470,0.5
1900-01-24 00:10:45,7636.5,240531,7637.0,1353031,27950,120860,-92910,-1112500,0.5
1900-01-24 00:11:00,7636.5,324521,7637.0,475752,7500,227069,-219569,-151231,0.5
1900-01-24 00:11:15,7635.0,23367,7635.5,835199,15509,136946,-121437,-811832,0.5
1900-01-24 00:11:30,7634.0,1067020,7634.5,124081,73037,22606,50431,942939,0.5
1900-01-24 00:11:45,7635.5,863006,7636.0,41540,53657,25061,28596,821466,0.5
1900-01-24 00:12:00,7637.0,286342,7637.5,528361,30577,8459,22118,-242019,0.5
1900-01-24 00:12:15,7634.0,9862,7634.5,664729,123163,227796,-104633,-654867,0.5
1900-01-24 00:12:30,7634.0,845921,7634.5,122034,80640,24445,56195,723887,0.5
1900-01-24 00:12:45,7631.5,556265,7632.0,672916,7712,26442,-18730,-116651,0.5
1900-01-24 00:13:00,7635.5,481151,7636.0,159182,80899,38733,42166,321969,0.5
1900-01-24 00:13:15,7635.5,695672,7636.0,885413,120316,17100,103216,-189741,0.5
1900-01-24 00:13:30,7640.0,839280,7640.5,39966,83839,39208,44631,799314,0.5
1900-01-24 00:13:45,7636.5,1154663,7637.0,135275,57582,54672,2910,1019388,0.5
1900-01-24 00:14:00,7636.5,1070885,7637.0,51323,15584,2658,12926,1019562,0.5
1900-01-24 00:14:15,7638.0,129721,7638.5,590175,30793,27434,3359,-460454,0.5
1900-01-24 00:14:30,7638.0,800027,7638.5,149148,3169,13228,-10059,650879,0.5
1900-01-24 00:14:45,7634.0,5086,7634.5,897272,36923,138871,-101948,-892186,0.5
1900-01-24 00:15:00,7632.0,22169,7632.5,868456,127835,36872,90963,-846287,0.5
1900-01-24 00:15:15,7623.5,331425,7624.0,815641,22051,142947,-120896,-484216,0.5
1900-01-24 00:15:30,7623.5,45332,7624.0,790346,42520,19409,23111,-745014,0.5
1900-01-24 00:15:45,7622.0,16104,7622.5,1046641,16671,146717,-130046,-1030537,0.5
1900-01-24 00:16:00,7619.0,512075,7619.5,612458,4355,191127,-186772,-100383,0.5
1900-01-24 00:16:15,7616.0,4892,7616.5,987788,70030,73856,-3826,-982896,0.5
1900-01-24 00:16:30,7613.5,35200,7614.0,205805,137046,271025,-133979,-170605,0.5
1900-01-24 00:16:45,7605.0,391363,7605.5,251354,181345,227958,-46613,140009,0.5
1900-01-24 00:17:00,7601.5,16399,7602.0,401532,177488,392163,-214675,-385133,0.5
1900-01-24 00:17:15,7613.5,27972,7615.5,18584,903709,143839,759870,9388,2.0
1900-01-24 00:17:30,7617.0,1865,7617.5,1065894,131028,152560,-21532,-1064029,0.5
1900-01-24 00:17:45,7610.0,676328,7610.5,117659,223119,283474,-60355,558669,0.5
1900-01-24 00:18:00,7620.5,453288,7621.0,56344,470084,91051,379033,396944,0.5
1900-01-24 00:18:15,7612.5,577016,7613.0,334153,282087,9566,272521,242863,0.5
1900-01-24 00:18:30,7612.0,109128,7612.5,32000,70876,321364,-250488,77128,0.5
1900-01-24 00:18:45,7610.0,91989,7610.5,88383,219252,160286,58966,3606,0.5
1900-01-24 00:19:00,7608.5,86826,7609.0,422092,66987,81348,-14361,-335266,0.5
1900-01-24 00:19:15,7593.5,77127,7594.0,47393,22066,302485,-280419,29734,0.5
1900-01-24 00:19:30,7599.5,840669,7600.0,130535,157259,172875,-15616,710134,0.5
1900-01-24 00:19:45,7593.0,35213,7593.5,153974,167929,479424,-311495,-118761,0.5
1900-01-24 00:20:00,7593.0,800964,7593.5,37093,118309,305412,-187103,763871,0.5
1900-01-24 00:20:15,7592.0,55372,7592.5,684007,143688,321206,-177518,-628635,0.5
1900-01-24 00:20:30,7589.0,3599,7589.5,496180,11776,159940,-148164,-492581,0.5
1900-01-24 00:20:45,7577.0,94801,7577.5,28939,9365,666810,-657445,65862,0.5
1900-01-24 00:21:00,7593.5,10000,7594.0,4003,450097,392726,57371,5997,0.5
1900-01-24 00:21:15,7589.0,53608,7589.5,821879,364448,233544,130904,-768271,0.5
1900-01-24 00:21:30,7594.5,544496,7595.0,17592,232393,293307,-60914,526904,0.5
1900-01-24 00:21:45,7597.0,767180,7597.5,25522,284986,164666,120320,741658,0.5
1900-01-24 00:22:00,7602.0,545670,7602.5,236959,246408,15353,231055,308711,0.5
1900-01-24 00:22:15,7604.5,144287,7605.0,141910,165719,10143,155576,2377,0.5
1900-01-24 00:22:30,7606.5,937523,7607.0,26582,310776,14079,296697,910941,0.5
1900-01-24 00:22:45,7607.5,1837896,7608.0,1414,151254,25799,125455,1836482,0.5
1900-01-24 00:23:00,7611.5,15999,7612.0,1168660,139128,70700,68428,-1152661,0.5
1900-01-24 00:23:15,7611.5,672949,7612.0,332248,62893,177653,-114760,340701,0.5
1900-01-24 00:23:30,7609.0,209129,7609.5,1227546,14340,24129,-9789,-1018417,0.5
1900-01-24 00:23:45,7608.5,12920,7609.0,912747,19470,197257,-177787,-899827,0.5
1900-01-24 00:24:00,7603.0,296920,7603.5,242541,36894,172034,-135140,54379,0.5
1900-01-24 00:24:15,7598.5,81296,7599.0,478031,193207,178398,14809,-396735,0.5
1900-01-24 00:24:30,7597.5,4792,7598.0,586254,107572,80405,27167,-581462,0.5
1900-01-24 00:24:45,7596.0,365201,7596.5,450934,70036,169247,-99211,-85733,0.5
1900-01-24 00:25:00,7591.0,370015,7591.5,721199,80387,83204,-2817,-351184,0.5
1900-01-24 00:25:15,7584.5,534939,7585.0,492306,23349,254137,-230788,42633,0.5
1900-01-24 00:25:30,7583.0,43872,7583.5,182668,343723,167167,176556,-138796,0.5
1900-01-24 00:25:45,7583.0,443492,7583.5,366235,68895,89473,-20578,77257,0.5
1900-01-24 00:26:00,7572.5,35127,7573.0,33000,139419,681232,-541813,2127,0.5
1900-01-24 00:26:15,7568.5,30587,7569.0,20494,270262,378354,-108092,10093,0.5
1900-01-24 00:26:30,7564.5,345343,7567.0,78886,181055,503275,-322220,266457,2.5
1900-01-24 00:26:45,7585.5,125158,7586.0,412602,437625,137585,300040,-287444,0.5
1900-01-24 00:27:00,7585.0,5521,7585.5,619332,145499,334137,-188638,-613811,0.5
1900-01-24 00:27:15,7593.0,1319349,7593.5,4241,177277,208563,-31286,1315108,0.5
1900-01-24 00:27:30,7586.5,188283,7587.0,37230,100811,139523,-38712,151053,0.5
1900-01-24 00:27:45,7582.5,56500,7589.5,835127,61060,452336,-391276,-778627,7.0
1900-01-24 00:28:00,7580.5,20623,7581.0,20000,33881,71469,-37588,623,0.5
1900-01-24 00:28:15,7559.0,200,7560.0,2385,55090,334525,-279435,-2185,1.0
1900-01-24 00:28:30,7565.0,13500,7565.5,1214,596894,454737,142157,12286,0.5
1900-01-24 00:28:45,7566.5,40544,7569.0,410861,386552,99594,286958,-370317,2.5
1900-01-24 00:29:00,7561.5,3100,7562.0,13000,44112,75273,-31161,-9900,0.5
1900-01-24 00:29:15,7552.5,495772,7553.0,100978,90332,97636,-7304,394794,0.5
1900-01-24 00:29:30,7562.0,260301,7562.5,4223,554888,110454,444434,256078,0.5
1900-01-24 00:29:45,7565.0,500593,7565.5,303165,81970,116003,-34033,197428,0.5
1900-01-24 00:30:00,7561.0,29040,7561.5,297363,56438,79792,-23354,-268323,0.5
1900-01-24 00:30:15,7552.5,340083,7553.0,412185,88411,195147,-106736,-72102,0.5
1900-01-24 00:30:30,7545.0,141240,7545.5,476272,191441,1158618,-967177,-335032,0.5
1900-01-24 00:30:45,7539.5,5000,7540.0,631209,64929,1517833,-1452904,-626209,0.5
1900-01-24 00:31:00,7544.5,11980,7545.0,11767,517024,303170,213854,213,0.5
1900-01-24 00:31:15,7558.5,35884,7559.5,699,787752,80591,707161,35185,1.0
1900-01-24 00:31:30,7569.5,56969,7570.0,15611,293429,46555,246874,41358,0.5
1900-01-24 00:31:45,7590.0,53883,7590.5,2,689743,87154,602589,53881,0.5
1900-01-24 00:32:00,7596.0,10925,7596.5,4209,845623,120858,724765,6716,0.5
1900-01-24 00:32:15,7623.5,10192,7624.0,297545,1046269,388114,658155,-287353,0.5
1900-01-24 00:32:30,7620.0,899521,7620.5,476826,503435,853137,-349702,422695,0.5
1900-01-24 00:32:45,7612.0,393885,7612.5,1326979,185230,1282049,-1096819,-933094,0.5
1900-01-24 00:33:00,7627.0,35032,7627.5,2000,391615,97945,293670,33032,0.5
1900-01-24 00:33:15,7625.0,382412,7625.5,152926,626099,102838,523261,229486,0.5
1900-01-24 00:33:30,7637.5,86495,7638.0,74609,217345,96071,121274,11886,0.5
1900-01-24 00:33:45,7626.0,6893,7626.5,20319,253336,230382,22954,-13426,0.5
1900-01-24 00:34:00,7623.5,318335,7624.0,647023,276913,93857,183056,-328688,0.5
1900-01-24 00:34:15,7619.0,213056,7619.5,828161,23908,185347,-161439,-615105,0.5
1900-01-24 00:34:30,7613.5,152493,7614.0,434396,27881,219801,-191920,-281903,0.5
1900-01-24 00:34:45,7613.5,120646,7614.0,790250,142384,86069,56315,-669604,0.5
1900-01-24 00:35:00,7613.5,834018,7614.0,81929,150221,38254,111967,752089,0.5
1900-01-24 00:35:15,7621.0,2825,7622.0,852972,218070,44338,173732,-850147,1.0
1900-01-24 00:35:30,7621.0,435600,7621.5,341830,8461,86319,-77858,93770,0.5
1900-01-24 00:35:45,7624.5,836343,7625.0,244211,381694,4900,376794,592132,0.5
1900-01-24 00:36:00,7625.0,356860,7625.5,595903,261877,16997,244880,-239043,0.5
1900-01-24 00:36:15,7621.5,240436,7622.0,474862,55826,329426,-273600,-234426,0.5
1900-01-24 00:36:30,7620.0,109136,7620.5,1162311,7605,1399004,-1391399,-1053175,0.5
1900-01-24 00:36:45,7614.0,442351,7614.5,187811,41692,189104,-147412,254540,0.5
1900-01-24 00:37:00,7612.5,16540,7613.0,93522,321527,78253,243274,-76982,0.5
1900-01-24 00:37:15,7613.0,687490,7613.5,374566,205504,72232,133272,312924,0.5
1900-01-24 00:37:30,7616.0,490873,7616.5,518450,358603,34072,324531,-27577,0.5
1900-01-24 00:37:45,7612.5,12740,7613.0,1202228,5567,51789,-46222,-1189488,0.5
1900-01-24 00:38:00,7612.5,269318,7613.0,176072,137713,127344,10369,93246,0.5
1900-01-24 00:38:15,7612.5,135022,7613.0,1217202,16626,68370,-51744,-1082180,0.5
1900-01-24 00:38:30,7618.5,293437,7619.0,9024,125522,27614,97908,284413,0.5
1900-01-24 00:38:45,7618.5,606559,7619.0,170128,17033,572,16461,436431,0.5
1900-01-24 00:39:00,7618.5,749762,7619.0,125829,159521,4449,155072,623933,0.5
1900-01-24 00:39:15,7618.5,768176,7619.0,122650,37553,20916,16637,645526,0.5
1900-01-24 00:39:30,7624.5,382005,7625.0,825315,317197,75645,241552,-443310,0.5
1900-01-24 00:39:45,7627.5,810311,7628.0,320780,143285,10153,133132,489531,0.5
1900-01-24 00:40:00,7625.0,6868,7625.5,19144,126283,38051,88232,-12276,0.5
1900-01-24 00:40:15,7624.5,17308,7625.0,1316418,58616,58199,417,-1299110,0.5
1900-01-24 00:40:30,7620.0,844,7620.5,1102011,7797,86882,-79085,-1101167,0.5
1900-01-24 00:40:45,7619.5,53894,7620.0,854784,40052,7013,33039,-800890,0.5
1900-01-24 00:41:00,7619.5,559311,7620.0,508030,9968,13208,-3240,51281,0.5
1900-01-24 00:41:15,7627.5,27397,7628.0,877063,94438,25102,69336,-849666,0.5
1900-01-24 00:41:30,7627.0,646687,7627.5,413288,102461,24059,78402,233399,0.5
1900-01-24 00:41:45,7627.0,122352,7627.5,562375,61211,123299,-62088,-440023,0.5
1900-01-24 00:42:00,7627.0,18923,7627.5,1351599,13913,292756,-278843,-1332676,0.5
1900-01-24 00:42:15,7626.5,280850,7627.0,762192,11712,70534,-58822,-481342,0.5
1900-01-24 00:42:30,7628.0,289630,7628.5,346595,80150,46170,33980,-56965,0.5
1900-01-24 00:42:45,7634.0,1460732,7634.5,4462,341464,4159,337305,1456270,0.5
1900-01-24 00:43:00,7637.0,337487,7637.5,301538,280305,16394,263911,35949,0.5
1900-01-24 00:43:15,7635.0,22779,7635.5,222618,47128,106693,-59565,-199839,0.5
1900-01-24 00:43:30,7635.0,21870,7635.5,717588,64975,32002,32973,-695718,0.5
1900-01-24 00:43:45,7637.5,557287,7638.0,262318,153487,23856,129631,294969,0.5
1900-01-24 00:44:00,7637.5,704320,7638.0,133870,126687,27639,99048,570450,0.5
1900-01-24 00:44:15,7639.5,1208994,7640.0,743860,1666644,5003,1661641,465134,0.5
1900-01-24 00:44:30,7639.5,673826,7640.0,621254,293190,12722,280468,52572,0.5
1900-01-24 00:44:45,7640.5,436216,7641.0,186379,683451,178442,505009,249837,0.5
1900-01-24 00:45:00,7645.5,35724,7646.0,1229641,110004,190210,-80206,-1193917,0.5
1900-01-24 00:45:15,7641.5,5600,7642.0,127406,166508,93726,72782,-121806,0.5
1900-01-24 00:45:30,7641.0,11682,7641.5,636954,159075,194328,-35253,-625272,0.5
1900-01-24 00:45:45,7638.0,334402,7638.5,346218,109685,43742,65943,-11816,0.5
1900-01-24 00:46:00,7637.5,173521,7638.0,744442,8125,36378,-28253,-570921,0.5
1900-01-24 00:46:15,7631.0,7029,7631.5,212056,24716,822055,-797339,-205027,0.5
1900-01-24 00:46:30,7630.5,323528,7631.0,828481,3478,176246,-172768,-504953,0.5
1900-01-24 00:46:45,7631.0,1444196,7631.5,146,141657,38738,102919,1444050,0.5
1900-01-24 00:47:00,7631.5,717028,7632.0,613908,164230,10070,154160,103120,0.5
1900-01-24 00:47:15,7635.5,134191,7636.0,7755,64556,17205,47351,126436,0.5
1900-01-24 00:47:30,7638.5,486549,7639.0,245928,71494,2910,68584,240621,0.5
1900-01-24 00:47:45,7639.0,1044106,7639.5,50881,158987,4951,154036,993225,0.5
1900-01-24 00:48:00,7640.5,564646,7641.0,29545,45905,1000,44905,535101,0.5
1900-01-24 00:48:15,7641.0,32874,7641.5,690488,29615,137713,-108098,-657614,0.5
1900-01-24 00:48:30,7637.5,1024410,7638.0,5567,34742,61473,-26731,1018843,0.5
1900-01-24 00:48:45,7638.5,1317702,7639.0,609885,56913,23812,33101,707817,0.5
1900-01-24 00:49:00,7642.0,1554599,7642.5,21522,376199,15682,360517,1533077,0.5
1900-01-24 00:49:15,7642.0,255675,7642.5,976001,88263,524,87739,-720326,0.5
1900-01-24 00:49:30,7638.5,1380,7639.0,504668,15896,109912,-94016,-503288,0.5
1900-01-24 00:49:45,7638.5,389734,7639.0,366983,100512,8424,92088,22751,0.5
1900-01-24 00:50:00,7638.5,230316,7639.0,563444,25944,82823,-56879,-333128,0.5
1900-01-24 00:50:15,7638.5,610541,7639.0,261960,22630,16258,6372,348581,0.5
1900-01-24 00:50:30,7638.5,224466,7639.0,774978,37573,6262,31311,-550512,0.5
1900-01-24 00:50:45,7632.5,5030,7633.0,100139,3000,82371,-79371,-95109,0.5
1900-01-24 00:51:00,7631.0,723382,7631.5,472177,5100,121350,-116250,251205,0.5
1900-01-24 00:51:15,7625.0,16092,7625.5,897638,26,271689,-271663,-881546,0.5
1900-01-24 00:51:30,7623.0,587292,7623.5,645920,138357,116195,22162,-58628,0.5
1900-01-24 00:51:45,7623.0,272360,7623.5,835336,41288,8804,32484,-562976,0.5
1900-01-24 00:52:00,7621.5,188603,7622.0,537285,21600,47515,-25915,-348682,0.5
1900-01-24 00:52:15,7621.5,282758,7622.0,81422,117487,145934,-28447,201336,0.5
1900-01-24 00:52:30,7629.0,60880,7629.5,497758,223278,63249,160029,-436878,0.5
1900-01-24 00:52:45,7629.5,1163550,7630.0,102396,304001,3230,300771,1061154,0.5
1900-01-24 00:53:00,7630.0,366955,7630.5,26281,89406,207,89199,340674,0.5
1900-01-24 00:53:15,7631.5,493540,7632.0,356668,18343,10496,7847,136872,0.5
1900-01-24 00:53:30,7628.5,243,7629.0,612879,41608,108043,-66435,-612636,0.5
1900-01-24 00:53:45,7621.5,211351,7622.0,265914,8699,143357,-134658,-54563,0.5
1900-01-24 00:54:00,7619.0,11173,7619.5,443718,16000,90064,-74064,-432545,0.5
1900-01-24 00:54:15,7616.5,28263,7617.0,884192,52191,523045,-470854,-855929,0.5
1900-01-24 00:54:30,7616.5,687243,7617.0,91901,260764,171536,89228,595342,0.5
1900-01-24 00:54:45,7615.5,417669,7616.0,310626,19334,20175,-841,107043,0.5
1900-01-24 00:55:00,7615.5,497533,7616.0,488526,25886,64918,-39032,9007,0.5
1900-01-24 00:55:15,7615.5,104180,7616.0,943530,3141,236205,-233064,-839350,0.5
1900-01-24 00:55:30,7615.5,184472,7616.0,884005,1100,36299,-35199,-699533,0.5
1900-01-24 00:55:45,7615.5,204792,7616.0,938954,5496,1625,3871,-734162,0.5
1900-01-24 00:56:00,7620.5,570136,7621.0,189162,890590,67144,823446,380974,0.5
1900-01-24 00:56:15,7624.0,541891,7624.5,6547,26244,100790,-74546,535344,0.5
1900-01-24 00:56:30,7628.5,533528,7629.0,484678,303448,1076,302372,48850,0.5
1900-01-24 00:56:45,7628.5,1066879,7629.0,93962,45624,1330,44294,972917,0.5
1900-01-24 00:57:00,7629.5,858288,7630.0,198663,137159,1250,135909,659625,0.5
1900-01-24 00:57:15,7633.0,701410,7633.5,607568,75921,82760,-6839,93842,0.5
1900-01-24 00:57:30,7633.0,1133448,7633.5,14445,15654,1704,13950,1119003,0.5
1900-01-24 00:57:45,7633.5,305932,7634.0,651841,19655,84268,-64613,-345909,0.5
1900-01-24 00:58:00,7633.5,143791,7634.0,1198778,39721,5761,33960,-1054987,0.5
1900-01-24 00:58:15,7633.5,58968,7634.0,1262575,3089,253144,-250055,-1203607,0.5
1900-01-24 00:58:30,7633.5,555247,7634.0,837434,31642,34061,-2419,-282187,0.5
1900-01-24 00:58:45,7638.0,994957,7638.5,4440,386159,5005,381154,990517,0.5
1900-01-24 00:59:00,7639.5,539996,7640.0,100230,108423,5597,102826,439766,0.5
1900-01-24 00:59:15,7641.0,406831,7641.5,353867,399552,11927,387625,52964,0.5
1900-01-24 00:59:30,7641.0,808395,7641.5,174935,113398,30430,82968,633460,0.5
1900-01-24 00:59:45,7641.0,392656,7641.5,545473,382945,12726,370219,-152817,0.5
1900-01-24 01:00:00,7641.0,784237,7641.5,406855,160137,9675,150462,377382,0.5
1900-01-24 01:00:15,7644.5,621982,7645.0,166030,93794,7982,85812,455952,0.5
1900-01-24 01:00:30,7641.0,33520,7641.5,713326,34358,62156,-27798,-679806,0.5
1900-01-24 01:00:45,7639.0,526162,7639.5,566021,36301,66171,-29870,-39859,0.5
1900-01-24 01:01:00,7643.5,724958,7644.0,27031,44864,24415,20449,697927,0.5
1900-01-24 01:01:15,7643.5,699141,7644.0,570800,26044,14260,11784,128341,0.5
1900-01-24 01:01:30,7643.5,728626,7644.0,491712,25123,2220,22903,236914,0.5
1900-01-24 01:01:45,7648.0,779602,7648.5,21499,333289,5520,327769,758103,0.5
1900-01-24 01:02:00,7648.0,70098,7648.5,1006261,419983,169889,250094,-936163,0.5
1900-01-24 01:02:15,7645.5,400032,7646.0,48181,141661,150897,-9236,351851,0.5
1900-01-24 01:02:30,7646.0,742494,7646.5,46705,88505,104201,-15696,695789,0.5
1900-01-24 01:02:45,7658.0,102186,7660.0,163880,1497169,9815,1487354,-61694,2.0
1900-01-24 01:03:00,7657.0,4584,7657.5,292487,931234,120590,810644,-287903,0.5
1900-01-24 01:03:15,7650.5,1238453,7651.0,139540,102874,109094,-6220,1098913,0.5
1900-01-24 01:03:30,7650.5,764066,7651.0,36140,102269,90647,11622,727926,0.5
1900-01-24 01:03:45,7654.5,993533,7655.0,144665,126050,15901,110149,848868,0.5
1900-01-24 01:04:00,7659.5,44215,7660.0,90025,376000,51711,324289,-45810,0.5
1900-01-24 01:04:15,7663.5,759372,7664.0,47656,214221,48523,165698,711716,0.5
1900-01-24 01:04:30,7673.5,184118,7674.0,58991,1282446,123708,1158738,125127,0.5
1900-01-24 01:04:45,7666.0,21,7666.5,174602,406990,321305,85685,-174581,0.5
1900-01-24 01:05:00,7663.0,803720,7663.5,344165,130817,231986,-101169,459555,0.5
1900-01-24 01:05:15,7668.5,374933,7669.0,49450,229223,23290,205933,325483,0.5
1900-01-24 01:05:30,7668.5,35268,7669.0,536876,91617,52486,39131,-501608,0.5
1900-01-24 01:05:45,7671.5,64070,7672.0,70648,104848,117907,-13059,-6578,0.5
1900-01-24 01:06:00,7668.5,122528,7669.0,801575,62447,20186,42261,-679047,0.5
1900-01-24 01:06:15,7663.5,38857,7664.0,1660903,50050,249611,-199561,-1622046,0.5
1900-01-24 01:06:30,7659.0,659066,7659.5,1323637,44239,30887,13352,-664571,0.5
1900-01-24 01:06:45,7659.0,880111,7659.5,667710,13532,770795,-757263,212401,0.5
1900-01-24 01:07:00,7659.5,621679,7660.0,347163,630292,37096,593196,274516,0.5
1900-01-24 01:07:15,7667.0,646173,7667.5,406094,133905,46119,87786,240079,0.5
1900-01-24 01:07:30,7664.5,1107446,7665.0,143218,101395,191022,-89627,964228,0.5
1900-01-24 01:07:45,7664.5,1256782,7665.0,167495,35743,3720,32023,1089287,0.5
1900-01-24 01:08:00,7666.0,406289,7666.5,583567,77948,12501,65447,-177278,0.5
1900-01-24 01:08:15,7664.0,10343,7664.5,97730,54382,99774,-45392,-87387,0.5
1900-01-24 01:08:30,7660.0,664847,7660.5,40977,16271,106719,-90448,623870,0.5
1900-01-24 01:08:45,7660.0,766816,7660.5,596629,26125,154319,-128194,170187,0.5
1900-01-24 01:09:00,7660.0,53642,7660.5,764991,30114,31364,-1250,-711349,0.5
1900-01-24 01:09:15,7655.5,7067,7656.0,656075,1157,490006,-488849,-649008,0.5
1900-01-24 01:09:30,7655.0,39444,7655.5,1151037,1048,159528,-158480,-1111593,0.5
1900-01-24 01:09:45,7655.0,783003,7655.5,568415,67681,19608,48073,214588,0.5
1900-01-24 01:10:00,7654.0,55105,7654.5,955159,56175,193970,-137795,-900054,0.5
1900-01-24 01:10:15,7654.0,867299,7654.5,93075,217755,57375,160380,774224,0.5
1900-01-24 01:10:30,7654.0,1332528,7654.5,75188,17993,7915,10078,1257340,0.5
1900-01-24 01:10:45,7653.5,86326,7654.0,303904,15912,55414,-39502,-217578,0.5
1900-01-24 01:11:00,7652.5,23564,7653.0,327454,14574,100552,-85978,-303890,0.5
1900-01-24 01:11:15,7653.5,1025578,7654.0,41566,29621,29653,-32,984012,0.5
1900-01-24 01:11:30,7654.0,18974,7654.5,1050158,17245,117290,-100045,-1031184,0.5
1900-01-24 01:11:45,7652.5,667395,7653.0,404830,25537,9896,15641,262565,0.5
1900-01-24 01:12:00,7652.5,638975,7653.0,443209,19725,5405,14320,195766,0.5
1900-01-24 01:12:15,7656.0,451482,7656.5,531,233329,31564,201765,450951,0.5
1900-01-24 01:12:30,7658.5,901022,7659.0,308059,119090,704,118386,592963,0.5
1900-01-24 01:12:45,7659.5,692687,7660.0,6243,78118,1730,76388,686444,0.5
1900-01-24 01:13:00,7660.5,310989,7661.0,740375,11846,4650,7196,-429386,0.5
1900-01-24 01:13:15,7660.5,286796,7661.0,797115,8448,14905,-6457,-510319,0.5
1900-01-24 01:13:30,7660.5,260222,7661.0,892078,17580,29995,-12415,-631856,0.5
1900-01-24 01:13:45,7657.5,191325,7658.0,878157,4291,116416,-112125,-686832,0.5
1900-01-24 01:14:00,7657.5,5309,7658.0,814535,10237,153314,-143077,-809226,0.5
1900-01-24 01:14:15,7656.0,29615,7656.5,1097897,3432,28184,-24752,-1068282,0.5
1900-01-24 01:14:30,7653.5,602072,7654.0,686016,31532,142416,-110884,-83944,0.5
1900-01-24 01:14:45,7653.5,146398,7654.0,805445,33720,63929,-30209,-659047,0.5
1900-01-24 01:15:00,7653.5,488035,7654.0,371044,14279,30090,-15811,116991,0.5
1900-01-24 01:15:15,7653.0,40574,7653.5,1324787,6085,65449,-59364,-1284213,0.5
1900-01-24 01:15:30,7651.5,163070,7652.0,860281,3420,149789,-146369,-697211,0.5
1900-01-24 01:15:45,7651.5,237951,7652.0,1365142,7290,34874,-27584,-1127191,0.5
1900-01-24 01:16:00,7651.0,222838,7651.5,1101687,44656,227282,-182626,-878849,0.5
1900-01-24 01:16:15,7645.5,161274,7646.0,328722,44656,403349,-358693,-167448,0.5
1900-01-24 01:16:30,7642.0,593789,7642.5,502626,178,146104,-145926,91163,0.5
1900-01-24 01:16:45,7642.0,563746,7642.5,599410,301408,102364,199044,-35664,0.5
1900-01-24 01:17:00,7642.5,811935,7643.0,44482,104610,17229,87381,767453,0.5
1900-01-24 01:17:15,7645.5,1635162,7646.0,157,220055,14000,206055,1635005,0.5
1900-01-24 01:17:30,7648.5,466227,7649.0,56498,155369,8750,146619,409729,0.5
1900-01-24 01:17:45,7651.0,755454,7651.5,82615,59155,11500,47655,672839,0.5
1900-01-24 01:18:00,7655.0,433558,7655.5,380811,364134,40154,323980,52747,0.5
1900-01-24 01:18:15,7645.5,251813,7646.0,216004,22588,173503,-150915,35809,0.5
1900-01-24 01:18:30,7640.0,712657,7640.5,69995,161889,165029,-3140,642662,0.5
1900-01-24 01:18:45,7640.5,8025,7643.0,709647,67950,36271,31679,-701622,2.5
1900-01-24 01:19:00,7640.0,910829,7640.5,236532,12258,6327,5931,674297,0.5
1900-01-24 01:20:00,7634.5,592582,7635.0,214274,800,6327,-5527,378308,0.5
1900-01-24 01:20:15,7636.5,206309,7637.0,101863,147412,24799,122613,104446,0.5
1900-01-24 01:20:30,7636.5,315728,7637.0,589890,65982,1008,64974,-274162,0.5
1900-01-24 01:20:45,7634.0,147299,7634.5,748214,30,90707,-90677,-600915,0.5
1900-01-24 01:21:00,7634.0,852159,7634.5,59769,88029,20873,67156,792390,0.5
1900-01-24 01:21:15,7636.5,391222,7637.0,533577,36946,3600,33346,-142355,0.5
1900-01-24 01:21:30,7639.0,368896,7639.5,12226,52145,46498,5647,356670,0.5
1900-01-24 01:21:45,7643.5,402997,7644.0,444847,65842,3031,62811,-41850,0.5
1900-01-24 01:22:00,7643.5,444116,7644.0,15267,105124,82820,22304,428849,0.5
1900-01-24 01:22:15,7644.0,307014,7644.5,923902,66485,70500,-4015,-616888,0.5
1900-01-24 01:22:30,7644.0,289030,7644.5,635131,87820,10758,77062,-346101,0.5
1900-01-24 01:22:45,7644.0,467468,7644.5,78056,260564,137679,122885,389412,0.5
1900-01-24 01:23:00,7642.5,6045,7643.0,1381526,2341,113260,-110919,-1375481,0.5
1900-01-24 01:23:15,7638.5,3745,7639.0,28482,4050,22170,-18120,-24737,0.5
1900-01-24 01:23:30,7638.0,253817,7638.5,1815810,47662,4694,42968,-1561993,0.5
1900-01-24 01:23:45,7638.0,749293,7638.5,249736,16530,40030,-23500,499557,0.5
1900-01-24 01:24:00,7645.5,580891,7646.0,65686,53457,158,53299,515205,0.5
1900-01-24 01:24:15,7648.0,448354,7648.5,80609,383348,19137,364211,367745,0.5
1900-01-24 01:24:30,7646.5,19861,7647.0,795379,195546,124496,71050,-775518,0.5
1900-01-24 01:24:45,7647.0,652142,7647.5,128,107145,124496,-17351,652014,0.5
1900-01-24 01:25:00,7648.5,1298287,7649.0,64295,31721,386,31335,1233992,0.5
1900-01-24 01:25:15,7652.5,954178,7653.0,326934,213826,15534,198292,627244,0.5
1900-01-24 01:25:30,7652.5,1640147,7653.0,111816,210008,56,209952,1528331,0.5
1900-01-24 01:25:45,7652.5,289890,7653.0,490142,152762,20258,132504,-200252,0.5
1900-01-24 01:26:00,7657.0,272589,7657.5,371376,200264,24240,176024,-98787,0.5
1900-01-24 01:26:15,7657.0,407059,7657.5,419214,43224,6950,36274,-12155,0.5
1900-01-24 01:26:30,7657.0,535977,7657.5,108975,19388,16313,3075,427002,0.5
1900-01-24 01:26:45,7657.0,594533,7657.5,148905,39998,192,39806,445628,0.5
1900-01-24 01:27:00,7654.5,166884,7655.0,742953,3308,112270,-108962,-576069,0.5
1900-01-24 01:27:15,7654.5,180271,7655.0,827536,16462,35395,-18933,-647265,0.5
1900-01-24 01:27:30,7654.5,160618,7655.0,708449,183,37101,-36918,-547831,0.5
1900-01-24 01:27:45,7657.0,386803,7657.5,668757,93342,35500,57842,-281954,0.5
1900-01-24 01:28:00,7654.0,675603,7654.5,193410,19819,36160,-16341,482193,0.5
1900-01-24 01:28:15,7657.5,443568,7658.0,854595,92899,11300,81599,-411027,0.5
1900-01-24 01:28:30,7659.0,448523,7659.5,316472,281180,5080,276100,132051,0.5
1900-01-24 01:28:45,7658.0,520572,7658.5,119361,53750,10925,42825,401211,0.5
1900-01-24 01:29:00,7658.0,229301,7658.5,786414,4178,24729,-20551,-557113,0.5
1900-01-24 01:29:15,7657.5,51990,7658.0,613227,5485,56534,-51049,-561237,0.5
1900-01-24 01:29:30,7653.5,66281,7654.0,891132,16138,92171,-76033,-824851,0.5
1900-01-24 01:29:45,7648.5,38282,7649.0,620589,25276,53969,-28693,-582307,0.5
1900-01-24 01:30:00,7646.0,552286,7646.5,365877,2094,120763,-118669,186409,0.5
1900-01-24 01:30:15,7651.0,458231,7651.5,191627,73687,24499,49188,266604,0.5
1900-01-24 01:30:30,7651.0,242541,7651.5,579458,144231,6389,137842,-336917,0.5
1900-01-24 01:30:45,7654.5,327032,7655.0,136369,60912,5824,55088,190663,0.5
1900-01-24 01:31:00,7654.5,452372,7655.0,113977,10919,75593,-64674,338395,0.5
1900-01-24 01:31:15,7655.5,1092354,7656.0,8064,64784,1400,63384,1084290,0.5
1900-01-24 01:31:30,7657.5,229275,7658.0,736424,45356,1400,43956,-507149,0.5
1900-01-24 01:31:45,7654.5,109310,7655.0,1459539,118576,7552,111024,-1350229,0.5
1900-01-24 01:32:00,7654.5,48191,7655.0,1539938,2232,16361,-14129,-1491747,0.5
1900-01-24 01:32:15,7654.5,90665,7655.0,1433716,4206,27379,-23173,-1343051,0.5
1900-01-24 01:32:30,7654.0,30017,7654.5,772352,30217,62492,-32275,-742335,0.5
1900-01-24 01:32:45,7653.0,987962,7653.5,177285,52299,47300,4999,810677,0.5
1900-01-24 01:33:00,7653.0,790655,7653.5,60850,36732,19710,17022,729805,0.5
1900-01-24 01:33:15,7656.5,22966,7657.0,1292620,5358,64524,-59166,-1269654,0.5
1900-01-24 01:33:30,7656.0,413979,7656.5,665239,16930,507,16423,-251260,0.5
1900-01-24 01:33:45,7655.0,144459,7655.5,966010,30510,107900,-77390,-821551,0.5
1900-01-24 01:34:00,7652.5,6309,7653.0,736971,10087,30977,-20890,-730662,0.5
1900-01-24 01:34:15,7650.0,67887,7650.5,1335700,593,23904,-23311,-1267813,0.5
1900-01-24 01:34:30,7648.0,30169,7648.5,996552,29955,16380,13575,-966383,0.5
1900-01-24 01:34:45,7647.0,55999,7647.5,1193503,1269,32592,-31323,-1137504,0.5
1900-01-24 01:35:00,7645.0,57718,7645.5,777485,77013,169462,-92449,-719767,0.5
1900-01-24 01:35:15,7641.5,156880,7642.0,542061,58662,236959,-178297,-385181,0.5
1900-01-24 01:35:30,7639.5,56702,7640.0,782067,19259,54816,-35557,-725365,0.5
1900-01-24 01:35:45,7639.5,137452,7640.0,439663,8546,8827,-281,-302211,0.5
1900-01-24 01:36:00,7639.0,38790,7639.5,470773,733,17621,-16888,-431983,0.5
1900-01-24 01:36:15,7641.5,383701,7642.0,194,165787,22250,143537,383507,0.5
1900-01-24 01:36:30,7643.5,188707,7644.0,721903,9139,8740,399,-533196,0.5
1900-01-24 01:36:45,7640.0,45588,7640.5,1231548,2010,14400,-12390,-1185960,0.5
1900-01-24 01:37:00,7638.5,93997,7639.0,614724,36202,43995,-7793,-520727,0.5
1900-01-24 01:37:15,7638.5,103752,7639.0,1898408,1205,61113,-59908,-1794656,0.5
1900-01-24 01:37:30,7638.0,10828,7638.5,1370617,5171,212418,-207247,-1359789,0.5
1900-01-24 01:37:45,7634.0,8113,7634.5,789841,13148,263486,-250338,-781728,0.5
1900-01-24 01:38:00,7631.0,19452,7631.5,997142,6978,94898,-87920,-977690,0.5
1900-01-24 01:38:15,7629.0,481966,7629.5,415146,20536,270520,-249984,66820,0.5
1900-01-24 01:38:30,7629.5,443793,7630.0,712,213005,143986,69019,443081,0.5
1900-01-24 01:38:45,7636.5,27450,7637.0,212272,128743,22747,105996,-184822,0.5
1900-01-24 01:39:00,7633.5,687624,7634.0,109340,5443,61798,-56355,578284,0.5
1900-01-24 01:39:15,7634.0,275009,7634.5,1600,22830,66335,-43505,273409,0.5
1900-01-24 01:39:30,7634.5,79526,7635.0,692268,3564,17932,-14368,-612742,0.5
1900-01-24 01:39:45,7634.5,75980,7635.0,692358,15,9655,-9640,-616378,0.5
1900-01-24 01:40:00,7634.5,99217,7635.0,373804,1951,7956,-6005,-274587,0.5
1900-01-24 01:40:15,7634.5,722920,7635.0,221500,51358,1530,49828,501420,0.5
1900-01-24 01:40:30,7637.5,844707,7638.0,12286,50124,2100,48024,832421,0.5
1900-01-24 01:40:45,7639.5,420028,7640.0,143272,132246,10245,122001,276756,0.5
1900-01-24 01:41:00,7636.0,189961,7636.5,318443,79094,79285,-191,-128482,0.5
1900-01-24 01:41:15,7636.0,618095,7636.5,204484,35400,62764,-27364,413611,0.5
1900-01-24 01:41:30,7634.5,37750,7635.0,828,3990,14539,-10549,36922,0.5
1900-01-24 01:41:45,7631.0,2,7631.5,1009623,2531,108012,-105481,-1009621,0.5
1900-01-24 01:42:00,7629.0,107762,7629.5,1202088,1478,146330,-144852,-1094326,0.5
1900-01-24 01:42:15,7627.5,216986,7628.0,268146,10696,128894,-118198,-51160,0.5
1900-01-24 01:42:30,7627.0,32583,7627.5,839839,54677,56110,-1433,-807256,0.5
1900-01-24 01:42:45,7627.0,534598,7627.5,206415,142439,85231,57208,328183,0.5
1900-01-24 01:43:00,7625.0,21067,7625.5,1121695,123714,266078,-142364,-1100628,0.5
1900-01-24 01:43:15,7623.0,521837,7623.5,649591,2374,60728,-58354,-127754,0.5
1900-01-24 01:43:30,7615.5,11706,7616.0,707771,225168,83975,141193,-696065,0.5
1900-01-24 01:43:45,7618.0,136548,7618.5,95978,145128,522557,-377429,40570,0.5
1900-01-24 01:44:00,7613.0,751365,7613.5,305644,69287,128850,-59563,445721,0.5
1900-01-24 01:44:15,7618.5,9256,7619.0,1439836,50421,63197,-12776,-1430580,0.5
1900-01-24 01:44:30,7613.5,121913,7614.0,659092,24567,122556,-97989,-537179,0.5
1900-01-24 01:44:45,7613.5,124281,7614.0,785873,32659,51414,-18755,-661592,0.5
1900-01-24 01:45:00,7612.0,520440,7612.5,366970,9378,312443,-303065,153470,0.5
1900-01-24 01:45:15,7612.0,671727,7612.5,364846,25465,22017,3448,306881,0.5
1900-01-24 01:45:30,7618.0,464581,7618.5,183103,116237,189,116048,281478,0.5
1900-01-24 01:45:45,7618.5,392908,7619.0,443950,108086,38651,69435,-51042,0.5
1900-01-24 01:46:00,7620.5,411401,7621.0,177611,169474,38651,130823,233790,0.5
1900-01-24 01:46:15,7623.0,466352,7623.5,151162,62591,392,62199,315190,0.5
1900-01-24 01:46:30,7623.5,547613,7624.0,67512,146473,16521,129952,480101,0.5
1900-01-24 01:46:45,7623.5,667452,7624.0,131352,154873,26764,128109,536100,0.5
1900-01-24 01:47:00,7623.5,212906,7624.0,850721,35289,92070,-56781,-637815,0.5
1900-01-24 01:47:15,7624.5,794030,7625.0,52836,89666,25521,64145,741194,0.5
1900-01-24 01:47:30,7626.0,272770,7626.5,704367,53039,1710,51329,-431597,0.5
1900-01-24 01:47:45,7626.0,360937,7626.5,734187,61436,2208,59228,-373250,0.5
1900-01-24 01:48:00,7626.0,246137,7626.5,1032263,24181,6060,18121,-786126,0.5
1900-01-24 01:48:15,7623.5,28150,7624.0,1209976,76,131807,-131731,-1181826,0.5
1900-01-24 01:48:30,7615.5,736147,7616.0,277617,7970,154494,-146524,458530,0.5
1900-01-24 01:48:45,7615.5,481571,7616.0,442269,68855,14500,54355,39302,0.5
1900-01-24 01:49:00,7620.5,603671,7621.0,322335,445743,23961,421782,281336,0.5
1900-01-24 01:49:15,7620.0,596,7620.5,172527,11427,58064,-46637,-171931,0.5
1900-01-24 01:49:30,7612.5,258,7613.0,161981,62325,208021,-145696,-161723,0.5
1900-01-24 01:49:45,7614.5,394761,7615.0,407836,33387,22239,11148,-13075,0.5
1900-01-24 01:50:00,7614.5,205179,7615.0,814733,60527,42617,17910,-609554,0.5
1900-01-24 01:50:15,7614.5,576778,7615.0,61342,39564,16664,22900,515436,0.5
1900-01-24 01:50:30,7616.0,616324,7616.5,587119,21974,10910,11064,29205,0.5
1900-01-24 01:50:45,7616.0,972658,7616.5,149941,11481,167428,-155947,822717,0.5
1900-01-24 01:51:00,7616.0,1054520,7616.5,55576,52325,100,52225,998944,0.5
1900-01-24 01:51:15,7619.0,614101,7619.5,11038,28586,1988,26598,603063,0.5
1900-01-24 01:51:30,7619.0,389317,7619.5,512277,27258,3009,24249,-122960,0.5
1900-01-24 01:51:45,7616.0,372458,7616.5,699920,15306,47604,-32298,-327462,0.5
1900-01-24 01:52:00,7616.0,407496,7616.5,663055,12778,26828,-14050,-255559,0.5
1900-01-24 01:52:15,7612.5,20299,7613.0,730353,32590,250495,-217905,-710054,0.5
1900-01-24 01:52:30,7605.0,1340974,7605.5,616345,6775,854144,-847369,724629,0.5
1900-01-24 01:52:45,7605.0,905659,7605.5,612481,20908,528952,-508044,293178,0.5
1900-01-24 01:53:00,7605.0,712255,7605.5,1066925,585004,210056,374948,-354670,0.5
1900-01-24 01:53:15,7603.5,1049924,7604.0,125219,38150,143681,-105531,924705,0.5
1900-01-24 01:53:30,7603.5,622183,7604.0,335154,74869,439521,-364652,287029,0.5
1900-01-24 01:53:45,7599.0,169683,7599.5,42255,95618,309186,-213568,127428,0.5
1900-01-24 01:54:00,7598.5,232717,7599.0,396704,198308,369072,-170764,-163987,0.5
1900-01-24 01:54:15,7595.5,1622,7596.0,251150,21173,476793,-455620,-249528,0.5
1900-01-24 01:54:30,7593.5,137244,7594.0,671035,21799,343613,-321814,-533791,0.5
1900-01-24 01:54:45,7592.0,46595,7592.5,1019768,17831,743064,-725233,-973173,0.5
1900-01-24 01:55:00,7582.5,256538,7583.0,6347,46079,375608,-329529,250191,0.5
1900-01-24 01:55:15,7592.5,40672,7593.0,686635,62870,65824,-2954,-645963,0.5
1900-01-24 01:55:30,7597.5,399406,7598.0,142488,66646,17100,49546,256918,0.5
1900-01-24 01:55:45,7608.0,656931,7608.5,2502,444091,16344,427747,654429,0.5
1900-01-24 01:56:00,7609.5,55196,7610.0,11349,280323,15828,264495,43847,0.5
1900-01-24 01:56:15,7608.5,688173,7609.0,237372,58719,190530,-131811,450801,0.5
1900-01-24 01:56:30,7612.5,506203,7613.0,150629,102036,10439,91597,355574,0.5
1900-01-24 01:56:45,7615.5,1031933,7616.0,28797,370720,14969,355751,1003136,0.5
1900-01-24 01:57:00,7618.0,429763,7618.5,632009,452946,7093,445853,-202246,0.5
1900-01-24 01:57:15,7618.5,466063,7619.0,620659,84368,39764,44604,-154596,0.5
1900-01-24 01:57:30,7620.5,919574,7621.0,26926,370974,3789,367185,892648,0.5
1900-01-24 01:57:45,7621.5,453188,7622.0,370464,164282,947,163335,82724,0.5
1900-01-24 01:58:00,7619.5,558321,7620.0,238206,25821,74881,-49060,320115,0.5
1900-01-24 01:58:15,7619.5,180540,7620.0,630737,21223,36636,-15413,-450197,0.5
1900-01-24 01:58:30,7618.5,526559,7619.0,194572,27246,69060,-41814,331987,0.5
1900-01-24 01:58:45,7618.5,620705,7619.0,102269,42392,26200,16192,518436,0.5
1900-01-24 01:59:00,7621.5,351122,7622.0,665001,10918,4910,6008,-313879,0.5
1900-01-24 01:59:15,7622.0,273596,7622.5,680506,53281,151460,-98179,-406910,0.5
1900-01-24 01:59:30,7622.0,123244,7622.5,438203,73463,25840,47623,-314959,0.5
1900-01-24 01:59:45,7628.0,20986,7628.5,1127076,126531,37421,89110,-1106090,0.5
1900-01-24 02:00:00,7624.5,21827,7625.0,276565,57922,40335,17587,-254738,0.5
1900-01-24 02:00:15,7624.5,1044118,7625.0,121711,33054,6670,26384,922407,0.5
1900-01-24 02:00:30,7624.5,890236,7625.0,250061,4460,33,4427,640175,0.5
1900-01-24 02:00:45,7624.5,1458318,7625.0,131161,20873,7383,13490,1327157,0.5
1900-01-24 02:01:00,7621.5,225848,7622.0,504585,58844,68157,-9313,-278737,0.5
1900-01-24 02:01:15,7621.5,17372,7622.0,986833,3306,145874,-142568,-969461,0.5
1900-01-24 02:01:30,7619.0,614669,7619.5,293331,20188,88121,-67933,321338,0.5
1900-01-24 02:01:45,7620.0,1050866,7620.5,85408,50849,68602,-17753,965458,0.5
1900-01-24 02:02:00,7620.0,1242687,7620.5,91591,11297,10591,706,1151096,0.5
1900-01-24 02:02:15,7622.0,840741,7622.5,84504,86987,163,86824,756237,0.5
1900-01-24 02:02:30,7623.5,970173,7624.0,674213,131409,3942,127467,295960,0.5
1900-01-24 02:02:45,7623.5,1400894,7624.0,407797,257100,5199,251901,993097,0.5
1900-01-24 02:03:00,7628.0,561712,7628.5,111655,64766,3013,61753,450057,0.5
1900-01-24 02:03:15,7628.0,903575,7628.5,787371,53445,16963,36482,116204,0.5
1900-01-24 02:03:30,7628.5,459744,7629.0,520205,602778,4818,597960,-60461,0.5
1900-01-24 02:03:45,7629.0,240227,7629.5,717209,132634,75426,57208,-476982,0.5
1900-01-24 02:04:00,7629.5,875766,7630.0,33200,178315,7,178308,842566,0.5
1900-01-24 02:04:15,7631.0,380741,7631.5,809980,113150,7,113143,-429239,0.5
1900-01-24 02:04:30,7630.5,55850,7631.0,102781,93417,17711,75706,-46931,0.5
1900-01-24 02:04:45,7630.0,99905,7630.5,738534,16815,262182,-245367,-638629,0.5
1900-01-24 02:05:00,7630.0,1108423,7630.5,598239,85782,57681,28101,510184,0.5
1900-01-24 02:05:15,7633.5,601084,7634.0,234884,386535,6634,379901,366200,0.5
1900-01-24 02:05:30,7633.5,961752,7634.0,2889848,176458,12461,163997,-1928096,0.5
1900-01-24 02:05:45,7638.5,363151,7639.0,33917,305744,216213,89531,329234,0.5
1900-01-24 02:06:00,7639.5,20233,7640.0,429249,229033,80672,148361,-409016,0.5
1900-01-24 02:06:15,7639.5,641288,7640.0,97747,43715,67868,-24153,543541,0.5
1900-01-24 02:06:30,7642.0,104542,7642.5,583856,52769,37462,15307,-479314,0.5
1900-01-24 02:06:45,7639.5,7622,7640.0,715024,26404,58294,-31890,-707402,0.5
1900-01-24 02:07:00,7635.0,16822,7635.5,487672,8327,32072,-23745,-470850,0.5
1900-01-24 02:07:15,7630.0,1153853,7630.5,194011,4026,120502,-116476,959842,0.5
1900-01-24 02:07:30,7630.0,718510,7630.5,241942,60883,3600,57283,476568,0.5
1900-01-24 02:07:45,7630.0,170001,7630.5,585463,48106,199514,-151408,-415462,0.5
1900-01-24 02:08:00,7630.0,772877,7630.5,169370,19402,11120,8282,603507,0.5
1900-01-24 02:08:15,7636.5,304348,7637.0,600201,190997,27200,163797,-295853,0.5
1900-01-24 02:08:30,7632.5,1417703,7633.0,38532,72264,15459,56805,1379171,0.5
1900-01-24 02:08:45,7632.5,1572078,7633.0,5781,36010,4039,31971,1566297,0.5
1900-01-24 02:09:00,7634.5,578145,7635.0,74217,23941,1010,22931,503928,0.5
1900-01-24 02:09:15,7634.5,140904,7635.0,978912,58127,701,57426,-838008,0.5
1900-01-24 02:09:30,7635.0,869144,7635.5,60542,44264,1,44263,808602,0.5
1900-01-24 02:09:45,7635.0,383724,7635.5,577058,8776,507,8269,-193334,0.5
1900-01-24 02:10:00,7635.0,30036,7635.5,769425,3031,16014,-12983,-739389,0.5
1900-01-24 02:10:15,7633.5,87741,7634.0,914190,1211,26076,-24865,-826449,0.5
1900-01-24 02:10:30,7632.5,66065,7633.0,1048385,23922,22787,1135,-982320,0.5
1900-01-24 02:10:45,7629.5,234868,7630.0,903737,8630,51813,-43183,-668869,0.5
1900-01-24 02:11:00,7629.5,703634,7630.0,369825,7010,75076,-68066,333809,0.5
1900-01-24 02:11:15,7625.0,896718,7625.5,469289,1435,72937,-71502,427429,0.5
1900-01-24 02:11:30,7622.0,638822,7622.5,299611,7561,41572,-34011,339211,0.5
1900-01-24 02:11:45,7620.0,392272,7620.5,793766,6759,208708,-201949,-401494,0.5
1900-01-24 02:12:00,7620.0,534149,7620.5,884357,27705,71282,-43577,-350208,0.5
1900-01-24 02:12:15,7620.0,1471445,7620.5,354019,95152,15580,79572,1117426,0.5
1900-01-24 02:12:30,7620.0,40896,7620.5,1140975,6000,215592,-209592,-1100079,0.5
1900-01-24 02:12:45,7619.5,560,7620.0,1288235,703,13414,-12711,-1287675,0.5
1900-01-24 02:13:00,7611.5,7573,7612.0,1549362,8350,352354,-344004,-1541789,0.5
1900-01-24 02:13:15,7613.5,883579,7614.0,29074,160309,88598,71711,854505,0.5
1900-01-24 02:13:30,7614.5,514803,7615.0,47493,195108,13124,181984,467310,0.5
1900-01-24 02:13:45,7617.0,250,7617.5,289125,63293,108302,-45009,-288875,0.5
1900-01-24 02:14:00,7613.5,577823,7614.0,537010,110146,138505,-28359,40813,0.5
1900-01-24 02:14:15,7613.5,822808,7614.0,30370,28222,92857,-64635,792438,0.5
1900-01-24 02:14:30,7613.5,772710,7614.0,447525,22702,50574,-27872,325185,0.5
1900-01-24 02:14:45,7612.5,550,7613.0,1352111,1134,6077,-4943,-1351561,0.5
1900-01-24 02:15:00,7612.5,1205982,7613.0,107722,54686,3288,51398,1098260,0.5
1900-01-24 02:15:15,7615.0,1215505,7615.5,349,37509,858,36651,1215156,0.5
1900-01-24 02:15:30,7618.5,406642,7619.0,878946,41351,6000,35351,-472304,0.5
1900-01-24 02:15:45,7622.0,816748,7622.5,50147,130954,3548,127406,766601,0.5
1900-01-24 02:16:00,7624.5,868045,7625.0,95670,94434,2632,91802,772375,0.5
1900-01-24 02:16:15,7627.5,768180,7628.0,67916,33170,2236,30934,700264,0.5
1900-01-24 02:16:30,7627.5,738300,7628.0,261453,15497,8406,7091,476847,0.5
1900-01-24 02:16:45,7627.5,261438,7628.0,671601,70621,47432,23189,-410163,0.5
1900-01-24 02:17:00,7627.5,141590,7628.0,763036,9440,69744,-60304,-621446,0.5
1900-01-24 02:17:15,7627.5,221776,7628.0,882983,4650,19405,-14755,-661207,0.5
1900-01-24 02:17:30,7627.5,1053130,7628.0,185328,11600,20413,-8813,867802,0.5
1900-01-24 02:17:45,7627.0,95662,7627.5,1232300,5600,1791,3809,-1136638,0.5
1900-01-24 02:18:00,7627.0,85577,7627.5,1222288,1275,44464,-43189,-1136711,0.5
1900-01-24 02:18:15,7626.5,8976,7627.0,4711327,19337,46300,-26963,-4702351,0.5
1900-01-24 02:18:30,7627.0,1175391,7627.5,96201,71955,30756,41199,1079190,0.5
1900-01-24 02:18:45,7627.5,818147,7628.0,10095,42395,1190,41205,808052,0.5
1900-01-24 02:19:00,7632.5,384153,7633.0,191688,156506,50,156456,192465,0.5
1900-01-24 02:19:15,7636.5,389342,7637.0,535331,158423,3638,154785,-145989,0.5
1900-01-24 02:19:30,7636.5,726833,7637.0,108667,107062,10710,96352,618166,0.5
1900-01-24 02:19:45,7639.5,1308499,7640.0,53438,107589,4919,102670,1255061,0.5
1900-01-24 02:20:00,7642.0,438473,7642.5,384987,30342,62925,-32583,53486,0.5
1900-01-24 02:20:15,7642.0,225429,7642.5,800865,14153,90339,-76186,-575436,0.5
1900-01-24 02:20:30,7642.0,215008,7642.5,869229,4320,90529,-86209,-654221,0.5
1900-01-24 02:20:45,7640.0,1825,7640.5,993535,24206,221854,-197648,-991710,0.5
1900-01-24 02:21:00,7633.0,1501707,7633.5,36340,178528,12885,165643,1465367,0.5
1900-01-24 02:21:15,7634.5,813944,7635.0,38634,29814,9000,20814,775310,0.5
1900-01-24 02:21:30,7638.5,564799,7639.0,3312,194343,522,193821,561487,0.5
1900-01-24 02:21:45,7642.5,4632704,7643.0,438499,115698,9400,106298,4194205,0.5
1900-01-24 02:22:00,7645.5,720790,7646.0,183264,428896,44,428852,537526,0.5
1900-01-24 02:22:15,7646.0,4013540,7646.5,546564,225837,80917,144920,3466976,0.5
1900-01-24 02:22:30,7641.5,654435,7642.0,29386,77176,19982,57194,625049,0.5
1900-01-24 02:22:45,7649.0,56444,7649.5,212218,122824,8906,113918,-155774,0.5
1900-01-24 02:23:00,7645.5,390214,7646.0,198842,115326,11369,103957,191372,0.5
1900-01-24 02:23:15,7645.5,364701,7646.0,575393,24267,1012,23255,-210692,0.5
1900-01-24 02:23:30,7645.5,385473,7646.0,488615,57373,11628,45745,-103142,0.5
1900-01-24 02:23:45,7644.0,3398,7644.5,768562,68462,39547,28915,-765164,0.5
1900-01-24 02:24:00,7643.5,850166,7644.0,130760,4700,4013,687,719406,0.5
1900-01-24 02:24:15,7643.5,4655088,7644.0,74121,27219,2500,24719,4580967,0.5
1900-01-24 02:24:30,7649.5,1010732,7650.0,88657,336097,6480,329617,922075,0.5
1900-01-24 02:24:45,7650.5,506147,7651.0,469384,157089,5800,151289,36763,0.5
1900-01-24 02:25:00,7646.5,636367,7647.0,239822,111502,29906,81596,396545,0.5
1900-01-24 02:25:15,7646.5,798095,7647.0,103604,83348,1798,81550,694491,0.5
1900-01-24 02:25:30,7647.5,1020665,7648.0,3719,32512,9800,22712,1016946,0.5
1900-01-24 02:25:45,7650.5,531675,7651.0,303000,62823,1766,61057,228675,0.5
1900-01-24 02:26:00,7643.0,82297,7643.5,373424,80641,287576,-206935,-291127,0.5
1900-01-24 02:26:15,7640.0,7242,7640.5,767576,10691,37513,-26822,-760334,0.5
1900-01-24 02:26:30,7636.5,1049170,7637.0,307298,1075,47857,-46782,741872,0.5
1900-01-24 02:26:45,7640.5,1141558,7641.0,2132,115203,1450,113753,1139426,0.5
1900-01-24 02:27:00,7647.5,853871,7648.0,7729,12884,80380,-67496,846142,0.5
1900-01-24 02:27:15,7652.0,1166488,7652.5,343634,184614,15197,169417,822854,0.5
1900-01-24 02:27:30,7653.5,707667,7654.0,132995,259506,6348,253158,574672,0.5
1900-01-24 02:27:45,7653.5,19703,7654.0,759731,94143,8649,85494,-740028,0.5
1900-01-24 02:28:00,7651.5,3511,7652.0,706861,20222,97220,-76998,-703350,0.5
1900-01-24 02:28:15,7651.0,166384,7651.5,784435,36580,90426,-53846,-618051,0.5
1900-01-24 02:28:30,7650.0,120072,7650.5,605779,5809,157077,-151268,-485707,0.5
1900-01-24 02:28:45,7652.0,400628,7652.5,567964,8922,6515,2407,-167336,0.5
1900-01-24 02:29:00,7652.0,747643,7652.5,62861,1315,2840,-1525,684782,0.5
1900-01-24 02:29:15,7652.0,716737,7652.5,7743,25287,2080,23207,708994,0.5
1900-01-24 02:29:30,7652.0,34195,7652.5,730319,17041,103268,-86227,-696124,0.5
1900-01-24 02:29:45,7652.0,1192824,7652.5,48345,164673,18376,146297,1144479,0.5
1900-01-24 02:30:00,7659.0,833592,7659.5,224130,154720,22979,131741,609462,0.5
1900-01-24 02:30:15,7664.5,155073,7665.0,123766,341245,12287,328958,31307,0.5
1900-01-24 02:30:30,7665.5,106424,7666.0,807486,289750,5406,284344,-701062,0.5
1900-01-24 02:30:45,7665.0,6124283,7665.5,129015,135904,53965,81939,5995268,0.5
1900-01-24 02:31:00,7665.5,224730,7666.0,749586,441708,181273,260435,-524856,0.5
1900-01-24 02:31:15,7667.5,483375,7668.0,429927,123430,76174,47256,53448,0.5
1900-01-24 02:31:30,7667.5,69136,7668.0,698741,120241,48953,71288,-629605,0.5
1900-01-24 02:31:45,7661.5,304694,7662.0,304665,2340,81741,-79401,29,0.5
1900-01-24 02:32:00,7660.0,1091991,7660.5,43800,5572,120742,-115170,1048191,0.5
1900-01-24 02:32:15,7663.0,423960,7663.5,2122,49570,20940,28630,421838,0.5
1900-01-24 02:32:30,7664.0,9726,7664.5,588642,36269,10905,25364,-578916,0.5
1900-01-24 02:32:45,7664.0,275961,7664.5,642744,70910,39358,31552,-366783,0.5
1900-01-24 02:33:00,7662.0,581472,7662.5,659836,136526,4378,132148,-78364,0.5
1900-01-24 02:33:15,7658.0,447622,7658.5,360477,65856,177251,-111395,87145,0.5
1900-01-24 02:33:30,7658.0,510452,7658.5,200495,83111,93723,-10612,309957,0.5
1900-01-24 02:33:45,7658.0,4062237,7658.5,105222,22220,7483,14737,3957015,0.5
1900-01-24 02:34:00,7658.0,66553,7658.5,553062,16325,11019,5306,-486509,0.5
1900-01-24 02:34:15,7658.5,1540319,7659.0,67921,137750,27140,110610,1472398,0.5
1900-01-24 02:34:30,7659.0,1367584,7659.5,158809,55217,1509,53708,1208775,0.5
1900-01-24 02:34:45,7659.0,1179771,7659.5,149794,29815,25258,4557,1029977,0.5
1900-01-24 02:35:00,7659.0,774784,7659.5,200154,6650,11661,-5011,574630,0.5
1900-01-24 02:35:15,7659.0,801368,7659.5,347326,25121,8270,16851,454042,0.5
1900-01-24 02:35:30,7659.0,362802,7659.5,753419,11340,6232,5108,-390617,0.5
1900-01-24 02:35:45,7659.0,500,7659.5,986966,7237,118480,-111243,-986466,0.5
1900-01-24 02:36:00,7655.0,73771,7655.5,497976,5152,152003,-146851,-424205,0.5
1900-01-24 02:36:15,7655.0,634751,7655.5,306185,816,18336,-17520,328566,0.5
1900-01-24 02:36:30,7653.5,507258,7654.0,353904,2216,18408,-16192,153354,0.5
1900-01-24 02:36:45,7653.5,52092,7654.0,582323,9080,52546,-43466,-530231,0.5
1900-01-24 02:37:00,7653.0,20949,7653.5,559994,1637,61260,-59623,-539045,0.5
1900-01-24 02:37:15,7653.0,717407,7653.5,345873,6759,86683,-79924,371534,0.5
1900-01-24 02:37:30,7653.0,648217,7653.5,491631,12694,3077,9617,156586,0.5
1900-01-24 02:37:45,7653.0,1015553,7653.5,279268,19503,2884,16619,736285,0.5
1900-01-24 02:38:00,7653.0,704109,7653.5,63135,74027,7456,66571,640974,0.5
1900-01-24 02:38:15,7653.0,831770,7653.5,638435,13151,3212,9939,193335,0.5
1900-01-24 02:38:30,7650.5,736543,7651.0,341868,510,76728,-76218,394675,0.5
1900-01-24 02:38:45,7650.5,761450,7651.0,312912,4178,19200,-15022,448538,0.5
1900-01-24 02:39:00,7650.5,684652,7651.0,52736,31656,8760,22896,631916,0.5
1900-01-24 02:39:15,7657.5,1237332,7658.0,25233,10910,1885,9025,1212099,0.5
1900-01-24 02:39:30,7657.5,1364782,7658.0,1191391,87412,5169,82243,173391,0.5
1900-01-24 02:39:45,7652.0,294823,7652.5,586054,98250,50389,47861,-291231,0.5
1900-01-24 02:40:00,7652.0,603143,7652.5,56084,16467,34266,-17799,547059,0.5
1900-01-24 02:40:15,7652.5,1239942,7653.0,5072,7828,6006,1822,1234870,0.5
1900-01-24 02:40:30,7660.0,916414,7660.5,7276,22549,4708,17841,909138,0.5
1900-01-24 02:40:45,7661.5,1250580,7662.0,1233,65028,1539,63489,1249347,0.5
1900-01-24 02:41:00,7665.5,731298,7666.0,44234,20403,78715,-58312,687064,0.5
1900-01-24 02:41:15,7668.5,661506,7669.0,72004,42438,77345,-34907,589502,0.5
1900-01-24 02:41:30,7668.5,172338,7669.0,1090298,49064,161713,-112649,-917960,0.5
1900-01-24 02:41:45,7668.5,182859,7669.0,1127878,28975,54142,-25167,-945019,0.5
1900-01-24 02:42:00,7668.5,315752,7669.0,2701167,124504,45075,79429,-2385415,0.5
1900-01-24 02:42:15,7668.0,131620,7668.5,692045,233584,54632,178952,-560425,0.5
1900-01-24 02:42:30,7670.5,1186843,7671.0,96261,2149787,22967,2126820,1090582,0.5
1900-01-24 02:42:45,7674.5,1578777,7675.0,113910,419657,7367,412290,1464867,0.5
1900-01-24 02:43:00,7674.5,1451134,7675.0,43902,124064,9452,114612,1407232,0.5
1900-01-24 02:43:15,7673.0,428816,7673.5,558074,515030,151886,363144,-129258,0.5
1900-01-24 02:43:30,7676.0,611398,7676.5,665118,189506,52619,136887,-53720,0.5
1900-01-24 02:43:45,7677.5,285357,7678.0,28474,139318,44050,95268,256883,0.5
1900-01-24 02:44:00,7675.5,379693,7676.0,670304,120865,20052,100813,-290611,0.5
1900-01-24 02:44:15,7675.5,307055,7676.0,469095,126304,105523,20781,-162040,0.5
1900-01-24 02:44:30,7675.5,380721,7676.0,533672,26373,44569,-18196,-152951,0.5
1900-01-24 02:44:45,7674.0,876561,7674.5,124678,14997,109790,-94793,751883,0.5
1900-01-24 02:45:00,7674.0,30250,7674.5,1826398,18114,29442,-11328,-1796148,0.5
1900-01-24 02:45:15,7671.5,83789,7672.0,951443,17554,133186,-115632,-867654,0.5
1900-01-24 02:45:30,7668.5,46638,7669.0,932299,32153,166512,-134359,-885661,0.5
1900-01-24 02:45:45,7667.0,93943,7667.5,993960,12182,130218,-118036,-900017,0.5
1900-01-24 02:46:00,7665.5,64485,7666.0,813052,4200,149494,-145294,-748567,0.5
1900-01-24 02:46:15,7669.5,657494,7670.0,26062,13092,17140,-4048,631432,0.5
1900-01-24 02:46:30,7672.5,13934,7673.0,662545,91130,37739,53391,-648611,0.5
1900-01-24 02:46:45,7672.0,993825,7672.5,87747,19806,25123,-5317,906078,0.5
1900-01-24 02:47:00,7681.5,718699,7682.0,50749,447964,9426,438538,667950,0.5
1900-01-24 02:47:15,7682.5,445533,7683.0,321029,131766,6531,125235,124504,0.5
1900-01-24 02:47:30,7677.0,224493,7677.5,496392,163653,136982,26671,-271899,0.5
1900-01-24 02:47:45,7672.5,239188,7673.0,646026,4220,21666,-17446,-406838,0.5
1900-01-24 02:48:00,7672.5,736922,7673.0,454561,20848,8672,12176,282361,0.5
1900-01-24 02:48:15,7676.5,235396,7677.0,427341,98621,2468,96153,-191945,0.5
1900-01-24 02:48:30,7676.5,628069,7677.0,333089,3453,64360,-60907,294980,0.5
1900-01-24 02:48:45,7676.5,5940311,7677.0,42943,38394,45001,-6607,5897368,0.5
1900-01-24 02:49:00,7676.5,22283,7677.0,739372,19779,59106,-39327,-717089,0.5
1900-01-24 02:49:15,7676.5,110914,7677.0,572908,18784,36288,-17504,-461994,0.5
1900-01-24 02:49:30,7676.5,111128,7677.0,650011,5018,6390,-1372,-538883,0.5
1900-01-24 02:49:45,7676.5,27325,7677.0,744089,2500,67878,-65378,-716764,0.5
1900-01-24 02:50:00,7676.5,151246,7677.0,957079,22022,5721,16301,-805833,0.5
1900-01-24 02:50:15,7676.5,947148,7677.0,23999,29421,8930,20491,923149,0.5
1900-01-24 02:50:30,7676.5,57263,7677.0,781568,5907,3043,2864,-724305,0.5
1900-01-24 02:50:45,7676.0,44533,7676.5,1094018,10639,14014,-3375,-1049485,0.5
1900-01-24 02:51:00,7676.0,42651,7676.5,1215275,120,14801,-14681,-1172624,0.5
1900-01-24 02:51:15,7673.5,46884,7674.0,818899,2000,58841,-56841,-772015,0.5
1900-01-24 02:51:30,7672.5,6204,7673.0,261504,7408,56424,-49016,-255300,0.5
1900-01-24 02:51:45,7672.5,43410,7673.0,641979,4003,10883,-6880,-598569,0.5
1900-01-24 02:52:00,7672.0,26394,7672.5,826385,5501,17145,-11644,-799991,0.5
1900-01-24 02:52:15,7671.5,137422,7672.0,824585,4551,33251,-28700,-687163,0.5
1900-01-24 02:52:30,7671.0,52618,7671.5,583718,1485,43284,-41799,-531100,0.5
1900-01-24 02:52:45,7670.5,191835,7671.0,703437,501,67723,-67222,-511602,0.5
1900-01-24 02:53:00,7672.5,1752113,7673.0,96471,17809,18507,-698,1655642,0.5
1900-01-24 02:53:15,7673.0,1278434,7673.5,49528,36847,12000,24847,1228906,0.5
1900-01-24 02:53:30,7674.0,623710,7674.5,1268,49348,60,49288,622442,0.5
1900-01-24 02:53:45,7674.5,15373,7675.0,1120231,79593,35830,43763,-1104858,0.5
1900-01-24 02:54:00,7671.0,479766,7671.5,377608,13721,98838,-85117,102158,0.5
1900-01-24 02:54:15,7671.0,902520,7671.5,27742,52455,17152,35303,874778,0.5
1900-01-24 02:54:30,7671.0,866543,7671.5,301622,144,4669,-4525,564921,0.5
1900-01-24 02:54:45,7671.0,1504272,7671.5,3249,121471,5521,115950,1501023,0.5
1900-01-24 02:55:00,7671.0,553106,7671.5,624428,4271,13570,-9299,-71322,0.5
1900-01-24 02:55:15,7668.0,220770,7668.5,774010,7284,167222,-159938,-553240,0.5
1900-01-24 02:55:30,7666.5,53478,7667.0,699127,832,143968,-143136,-645649,0.5
1900-01-24 02:55:45,7664.5,34258,7665.0,286785,12206,78546,-66340,-252527,0.5
1900-01-24 02:56:00,7663.0,665288,7663.5,416402,13889,152583,-138694,248886,0.5
1900-01-24 02:56:15,7663.0,18975,7663.5,962783,1169,47282,-46113,-943808,0.5
1900-01-24 02:56:30,7662.0,190606,7662.5,827368,48136,63624,-15488,-636762,0.5
1900-01-24 02:56:45,7662.0,1020654,7662.5,301718,16056,31898,-15842,718936,0.5
1900-01-24 02:57:00,7662.0,748713,7662.5,287300,28562,126000,-97438,461413,0.5
1900-01-24 02:57:15,7662.5,1233150,7663.0,99338,112493,10650,101843,1133812,0.5
1900-01-24 02:57:30,7663.0,1114093,7663.5,22840,104411,180,104231,1091253,0.5
1900-01-24 02:57:45,7664.0,834216,7664.5,37556,24547,180,24367,796660,0.5
1900-01-24 02:58:00,7664.5,63510,7665.0,645148,21823,104660,-82837,-581638,0.5
1900-01-24 02:58:15,7666.0,337248,7666.5,725003,50667,11478,39189,-387755,0.5
1900-01-24 02:58:30,7666.0,5652,7666.5,932531,11070,29275,-18205,-926879,0.5
1900-01-24 02:58:45,7666.0,876356,7666.5,50149,5641,18899,-13258,826207,0.5
1900-01-24 02:59:00,7666.0,897715,7666.5,116,13064,7142,5922,897599,0.5
1900-01-24 02:59:15,7666.5,855173,7667.0,18788,21987,25259,-3272,836385,0.5
1900-01-24 02:59:30,7666.5,1018176,7667.0,73622,77109,36616,40493,944554,0.5
1900-01-24 02:59:45,7665.0,238605,7665.5,760279,12908,101754,-88846,-521674,0.5
1900-01-24 03:00:00,7665.0,289453,7665.5,605931,8054,7605,449,-316478,0.5
1900-01-24 03:00:15,7663.0,114778,7663.5,1013471,10131,259778,-249647,-898693,0.5
1900-01-24 03:00:30,7663.0,117094,7663.5,1072041,135,84807,-84672,-954947,0.5
1900-01-24 03:00:45,7662.5,262334,7663.0,1046579,19,103884,-103865,-784245,0.5
1900-01-24 03:01:00,7662.0,91570,7662.5,1234192,13769,227354,-213585,-1142622,0.5
1900-01-24 03:01:15,7644.5,82922,7645.0,128000,10726,323198,-312472,-45078,0.5
1900-01-24 03:01:30,7652.0,507516,7652.5,339702,204056,128948,75108,167814,0.5
1900-01-24 03:01:45,7648.0,245344,7648.5,599709,56160,64827,-8667,-354365,0.5
1900-01-24 03:02:00,7648.0,205601,7648.5,633862,19662,71545,-51883,-428261,0.5
1900-01-24 03:02:15,7648.0,938500,7648.5,332301,25633,28767,-3134,606199,0.5
1900-01-24 03:02:30,7649.0,1325428,7649.5,718,120945,3520,117425,1324710,0.5
1900-01-24 03:02:45,7649.5,1277140,7650.0,65192,145511,11791,133720,1211948,0.5
1900-01-24 03:03:00,7651.5,763050,7652.0,256204,141595,9748,131847,506846,0.5
1900-01-24 03:03:15,7651.5,593905,7652.0,712926,16299,3700,12599,-119021,0.5
1900-01-24 03:03:30,7647.5,243195,7648.0,710628,7264,175276,-168012,-467433,0.5
1900-01-24 03:03:45,7647.5,70753,7648.0,1098002,14029,46586,-32557,-1027249,0.5
1900-01-24 03:04:00,7641.0,537680,7641.5,392973,55874,243196,-187322,144707,0.5
1900-01-24 03:04:15,7641.5,912819,7642.0,10696,47643,28805,18838,902123,0.5
1900-01-24 03:04:30,7643.0,235646,7643.5,438213,44035,50,43985,-202567,0.5
1900-01-24 03:04:45,7634.5,365570,7635.0,375107,47618,136952,-89334,-9537,0.5
1900-01-24 03:05:00,7642.0,315403,7642.5,1859,85491,31695,53796,313544,0.5
1900-01-24 03:05:15,7642.0,303488,7642.5,661688,9180,29489,-20309,-358200,0.5
1900-01-24 03:05:30,7642.0,59288,7642.5,831663,12364,3491,8873,-772375,0.5
1900-01-24 03:05:45,7639.0,167558,7639.5,747758,32606,64044,-31438,-580200,0.5
1900-01-24 03:06:00,7639.0,851003,7639.5,44446,76300,1008,75292,806557,0.5
1900-01-24 03:06:15,7639.0,1013217,7639.5,5994,114677,66484,48193,1007223,0.5
1900-01-24 03:06:30,7639.5,979162,7640.0,113467,39065,8850,30215,865695,0.5
1900-01-24 03:06:45,7644.0,685240,7644.5,20549,164043,20100,143943,664691,0.5
1900-01-24 03:07:00,7641.5,4882,7642.0,939470,21409,48898,-27489,-934588,0.5
1900-01-24 03:07:15,7640.5,1518,7641.0,1174883,22081,1868,20213,-1173365,0.5
1900-01-24 03:07:30,7639.5,746796,7640.0,200100,7465,67843,-60378,546696,0.5
1900-01-24 03:07:45,7639.5,214760,7640.0,692262,6327,3703,2624,-477502,0.5
1900-01-24 03:08:00,7639.0,15555,7639.5,1195112,5850,27660,-21810,-1179557,0.5
1900-01-24 03:08:15,7637.5,59364,7638.0,1453580,3500,20041,-16541,-1394216,0.5
1900-01-24 03:08:30,7630.0,651049,7630.5,496986,1616,164943,-163327,154063,0.5
1900-01-24 03:08:45,7629.5,40839,7630.0,934523,95951,71059,24892,-893684,0.5
1900-01-24 03:09:00,7629.5,759301,7630.0,145275,57188,40464,16724,614026,0.5
1900-01-24 03:09:15,7637.0,226896,7637.5,273604,99956,1625,98331,-46708,0.5
1900-01-24 03:09:30,7637.0,281974,7637.5,525572,37968,260102,-222134,-243598,0.5
1900-01-24 03:09:45,7637.0,480640,7637.5,88067,5693,34713,-29020,392573,0.5
1900-01-24 03:10:00,7637.0,600155,7637.5,431499,7502,16925,-9423,168656,0.5
1900-01-24 03:10:15,7637.0,429798,7637.5,282745,10507,74402,-63895,147053,0.5
1900-01-24 03:10:30,7637.5,781394,7638.0,259972,10590,74402,-63812,521422,0.5
1900-01-24 03:10:45,7637.5,1044797,7638.0,185117,74071,459,73612,859680,0.5
1900-01-24 03:11:00,7637.5,1143717,7638.0,71996,181450,5,181445,1071721,0.5
1900-01-24 03:11:15,7640.5,867615,7641.0,224985,190771,4506,186265,642630,0.5
1900-01-24 03:11:30,7640.5,1230292,7641.0,18406,145218,12305,132913,1211886,0.5
1900-01-24 03:11:45,7641.5,1194383,7642.0,109313,27722,6,27716,1085070,0.5
1900-01-24 03:12:00,7642.5,1091508,7643.0,103838,51016,7506,43510,987670,0.5
1900-01-24 03:12:15,7642.5,1255322,7643.0,10330,97419,7560,89859,1244992,0.5
1900-01-24 03:12:30,7646.5,845828,7647.0,4324,123765,7560,116205,841504,0.5
1900-01-24 03:12:45,7647.0,694469,7647.5,64625,10039,8950,1089,629844,0.5
1900-01-24 03:13:00,7647.0,808169,7647.5,29402,26900,1405,25495,778767,0.5
1900-01-24 03:13:15,7648.5,870535,7649.0,262243,53378,9587,43791,608292,0.5
1900-01-24 03:13:30,7648.5,526536,7649.0,424047,133234,2065,131169,102489,0.5
1900-01-24 03:13:45,7648.5,1046040,7649.0,24407,20334,512,19822,1021633,0.5
1900-01-24 03:14:00,7648.5,1033933,7649.0,372314,19234,3469,15765,661619,0.5
1900-01-24 03:14:15,7649.5,610530,7650.0,626111,56892,3469,53423,-15581,0.5
1900-01-24 03:14:30,7649.5,672553,7650.0,974881,27426,3155,24271,-302328,0.5
1900-01-24 03:14:45,7645.0,102473,7645.5,281847,22823,72615,-49792,-179374,0.5
1900-01-24 03:15:00,7642.5,16671,7643.0,503609,1149,34619,-33470,-486938,0.5
1900-01-24 03:15:15,7642.5,750542,7643.0,155836,1262,25670,-24408,594706,0.5
1900-01-24 03:15:30,7642.5,893423,7643.0,98599,17783,24238,-6455,794824,0.5
1900-01-24 03:15:45,7642.5,911449,7643.0,57356,18696,3392,15304,854093,0.5
1900-01-24 03:16:00,7646.5,718275,7647.0,27800,16164,1626,14538,690475,0.5
1900-01-24 03:16:15,7646.5,270025,7647.0,695561,3579,97,3482,-425536,0.5
1900-01-24 03:16:30,7646.5,759889,7647.0,276186,19439,12518,6921,483703,0.5
1900-01-24 03:16:45,7646.5,873458,7647.0,14479,47712,12518,35194,858979,0.5
1900-01-24 03:17:00,7648.0,929957,7648.5,38851,12607,900,11707,891106,0.5
1900-01-24 03:17:15,7652.0,603041,7652.5,55701,22254,5515,16739,547340,0.5
1900-01-24 03:17:30,7652.5,771588,7653.0,138394,63997,5515,58482,633194,0.5
1900-01-24 03:17:45,7652.5,641937,7653.0,62671,16392,12938,3454,579266,0.5
1900-01-24 03:18:00,7652.5,325372,7653.0,911055,19629,6498,13131,-585683,0.5
1900-01-24 03:18:15,7652.5,3393,7653.0,1230681,11346,45760,-34414,-1227288,0.5
1900-01-24 03:18:30,7652.0,795553,7652.5,613064,8113,9353,-1240,182489,0.5
1900-01-24 03:18:45,7652.0,717602,7652.5,615865,1000,724,276,101737,0.5
1900-01-24 03:19:00,7652.0,921972,7652.5,638623,11001,5039,5962,283349,0.5
1900-01-24 03:19:15,7652.0,516343,7652.5,935243,1450,30002,-28552,-418900,0.5
1900-01-24 03:19:30,7652.0,966838,7652.5,596044,10791,19458,-8667,370794,0.5
1900-01-24 03:19:45,7652.0,350106,7652.5,928534,1175,11800,-10625,-578428,0.5
1900-01-24 03:20:00,7652.0,946301,7652.5,1052961,34209,69878,-35669,-106660,0.5
1900-01-24 03:20:15,7652.5,1244232,7653.0,808939,794812,18091,776721,435293,0.5
1900-01-24 03:20:30,7652.5,1320797,7653.0,654397,130722,18091,112631,666400,0.5
1900-01-24 03:20:45,7652.5,1349625,7653.0,606102,30499,7332,23167,743523,0.5
1900-01-24 03:21:00,7652.5,1369191,7653.0,547609,78974,6580,72394,821582,0.5
1900-01-24 03:21:15,7652.5,1909486,7653.0,487886,36691,3200,33491,1421600,0.5
1900-01-24 03:21:30,7652.5,2084398,7653.0,576380,428496,3200,425296,1508018,0.5
1900-01-24 03:21:45,7652.5,2089556,7653.0,426611,594949,2451,592498,1662945,0.5
1900-01-24 03:22:00,7652.5,9528411,7653.0,1061432,75361,4441,70920,8466979,0.5
1900-01-24 03:22:15,7641.5,568095,7642.0,1296774,23746,127470,-103724,-728679,0.5
1900-01-24 03:22:30,7641.5,214602,7642.0,1385127,2750,164117,-161367,-1170525,0.5
1900-01-24 03:22:45,7641.5,4033948,7642.0,365275,44722,15358,29364,3668673,0.5
1900-01-24 03:23:00,7641.5,4064491,7642.0,913530,32884,19405,13479,3150961,0.5
1900-01-24 03:23:15,7639.5,27423,7640.0,950021,73551,85840,-12289,-922598,0.5
1900-01-24 03:23:30,7638.0,134281,7638.5,1036903,6534,118344,-111810,-902622,0.5
1900-01-24 03:23:45,7638.0,685029,7638.5,390421,3852,37877,-34025,294608,0.5
1900-01-24 03:24:00,7638.0,972648,7638.5,691991,54242,26026,28216,280657,0.5
1900-01-24 03:24:15,7638.0,1000130,7638.5,750539,26918,2010,24908,249591,0.5
1900-01-24 03:24:30,7638.0,11057985,7638.5,665400,74708,8060,66648,10392585,0.5
1900-01-24 03:24:45,7638.0,11080168,7638.5,445945,183977,51200,132777,10634223,0.5
1900-01-24 03:25:00,7638.0,11251823,7638.5,240308,201188,2020,199168,11011515,0.5
1900-01-24 03:25:15,7638.0,11515955,7638.5,286597,395257,1402,393855,11229358,0.5
1900-01-24 03:25:30,7638.0,11324879,7638.5,204320,89015,100,88915,11120559,0.5
1900-01-24 03:25:45,7638.0,11525081,7638.5,265653,94916,1,94915,11259428,0.5
1900-01-24 03:26:00,7638.0,11423901,7638.5,195209,67168,20000,47168,11228692,0.5
1900-01-24 03:26:15,7638.0,11551890,7638.5,32568,108084,30939,77145,11519322,0.5
1900-01-24 03:26:30,7638.0,11101306,7638.5,531275,78306,3750,74556,10570031,0.5
1900-01-24 03:26:45,7638.0,10794356,7638.5,994988,399626,57000,342626,9799368,0.5
1900-01-24 03:27:00,7629.5,244121,7630.0,452484,222267,180485,41782,-208363,0.5
1900-01-24 03:27:15,7615.0,546662,7615.5,712034,52345,353406,-301061,-165372,0.5
1900-01-24 03:27:30,7622.5,615222,7623.0,250964,402057,250237,151820,364258,0.5
1900-01-24 03:27:45,7622.5,570508,7623.0,141165,101129,71276,29853,429343,0.5
1900-01-24 03:28:00,7622.5,790952,7623.0,209987,34632,19805,14827,580965,0.5
1900-01-24 03:28:15,7622.5,177396,7623.0,1119174,86420,44858,41562,-941778,0.5
1900-01-24 03:28:30,7622.5,109838,7623.0,661537,8954,136470,-127516,-551699,0.5
1900-01-24 03:28:45,7621.0,38727,7621.5,706682,4860,141169,-136309,-667955,0.5
1900-01-24 03:29:00,7617.0,48818,7617.5,956178,31697,89346,-57649,-907360,0.5
1900-01-24 03:29:15,7617.0,636792,7617.5,345882,29862,30885,-1023,290910,0.5
1900-01-24 03:29:30,7622.0,39377,7622.5,7800,224458,4621,219837,31577,0.5
1900-01-24 03:29:45,7624.5,741348,7625.0,169241,81861,4730,77131,572107,0.5
1900-01-24 03:30:00,7624.5,804247,7625.0,380689,48576,22250,26326,423558,0.5
1900-01-24 03:30:15,7625.0,628848,7625.5,587668,287603,2001,285602,41180,0.5
1900-01-24 03:30:30,7625.0,941648,7625.5,114535,76204,10400,65804,827113,0.5
1900-01-24 03:30:45,7625.5,1171982,7626.0,127561,136186,5089,131097,1044421,0.5
1900-01-24 03:31:00,7626.5,1247354,7627.0,18609,61364,5452,55912,1228745,0.5
1900-01-24 03:31:15,7629.5,748394,7630.0,416637,37354,11000,26354,331757,0.5
1900-01-24 03:31:30,7629.5,1254547,7630.0,11066,21650,3001,18649,1243481,0.5
1900-01-24 03:31:45,7634.0,491450,7634.5,77637,36485,31699,4786,413813,0.5
1900-01-24 03:32:00,7634.0,583763,7634.5,667007,17173,12629,4544,-83244,0.5
1900-01-24 03:32:15,7634.5,1145688,7635.0,1372312,238458,42933,195525,-226624,0.5
1900-01-24 03:32:30,7634.5,564363,7635.0,1783797,12450,15759,-3309,-1219434,0.5
1900-01-24 03:32:45,7634.5,551556,7635.0,1632943,135436,9119,126317,-1081387,0.5
1900-01-24 03:33:00,7634.5,1064560,7635.0,1245794,24311,72,24239,-181234,0.5
1900-01-24 03:33:15,7634.5,1078333,7635.0,1207183,36972,1269,35703,-128850,0.5
1900-01-24 03:33:30,7634.5,490975,7635.0,1594860,11426,8901,2525,-1103885,0.5
1900-01-24 03:33:45,7634.5,522688,7635.0,1632309,13783,42115,-28332,-1109621,0.5
1900-01-24 03:34:00,7634.5,410897,7635.0,1626787,1265,76345,-75080,-1215890,0.5
1900-01-24 03:34:15,7632.5,15111,7633.0,692784,5011,303231,-298220,-677673,0.5
1900-01-24 03:34:30,7629.0,190689,7629.5,644685,18,31168,-31150,-453996,0.5
1900-01-24 03:34:45,7629.0,789767,7629.5,575658,300,16039,-15739,214109,0.5
1900-01-24 03:35:00,7629.0,965902,7629.5,60847,4659,11943,-7284,905055,0.5
1900-01-24 03:35:15,7629.5,1415532,7630.0,16516,13668,1,13667,1399016,0.5
1900-01-24 03:35:30,7631.5,811261,7632.0,251744,19086,90,18996,559517,0.5
1900-01-24 03:35:45,7631.5,984213,7632.0,32200,49787,5384,44403,952013,0.5
1900-01-24 03:36:00,7633.0,1031145,7633.5,29506,24173,16702,7471,1001639,0.5
1900-01-24 03:36:15,7633.0,760681,7633.5,134620,18242,350,17892,626061,0.5
1900-01-24 03:36:30,7633.0,260096,7633.5,1121050,1176,7135,-5959,-860954,0.5
1900-01-24 03:36:45,7633.0,262703,7633.5,1142991,1,14412,-14411,-880288,0.5
1900-01-24 03:37:00,7633.0,876608,7633.5,72110,21132,32416,-11284,804498,0.5
1900-01-24 03:37:15,7634.5,1045131,7635.0,84672,70789,20230,50559,960459,0.5
1900-01-24 03:37:30,7635.0,256940,7635.5,1613104,35258,294125,-258867,-1356164,0.5
1900-01-24 03:37:45,7635.0,861832,7635.5,53191,42876,13752,29124,808641,0.5
1900-01-24 03:38:00,7635.0,614520,7635.5,1154086,2028,45886,-43858,-539566,0.5
1900-01-24 03:38:15,7635.0,209047,7635.5,1400453,620,45050,-44430,-1191406,0.5
1900-01-24 03:38:30,7635.0,184573,7635.5,1354653,299,14370,-14071,-1170080,0.5
1900-01-24 03:38:45,7635.0,1043699,7635.5,525865,4626,8200,-3574,517834,0.5
1900-01-24 03:39:00,7635.0,63791,7635.5,1250562,550,60756,-60206,-1186771,0.5
1900-01-24 03:39:15,7634.5,32937,7635.0,1303862,8150,41992,-33842,-1270925,0.5
1900-01-24 03:39:30,7634.5,118514,7635.0,1283855,8518,2287,6231,-1165341,0.5
1900-01-24 03:39:45,7634.5,135243,7635.0,1635480,14,3379,-3365,-1500237,0.5
1900-01-24 03:40:00,7634.5,163104,7635.0,1621200,43,1677,-1634,-1458096,0.5
1900-01-24 03:40:15,7634.5,152154,7635.0,1704743,3172,1512,1660,-1552589,0.5
1900-01-24 03:40:30,7634.5,138041,7635.0,1868117,3172,29042,-25870,-1730076,0.5
1900-01-24 03:40:45,7633.5,103044,7634.0,1708189,6900,46215,-39315,-1605145,0.5
1900-01-24 03:41:00,7633.5,86066,7634.0,1559865,2253,27787,-25534,-1473799,0.5
1900-01-24 03:41:15,7633.5,11619,7634.0,1996779,877,18468,-17591,-1985160,0.5
1900-01-24 03:41:30,7633.5,48064,7634.0,1710392,2121,9380,-7259,-1662328,0.5
1900-01-24 03:41:45,7633.5,353503,7634.0,947110,13296,24228,-10932,-593607,0.5
1900-01-24 03:42:00,7633.5,593626,7634.0,523160,4924,1739,3185,70466,0.5
1900-01-24 03:42:15,7634.5,815084,7635.0,424921,89274,1659,87615,390163,0.5
1900-01-24 03:42:30,7634.5,880258,7635.0,47597,14478,1659,12819,832661,0.5
1900-01-24 03:42:45,7634.5,1003917,7635.0,349841,6386,120,6266,654076,0.5
1900-01-24 03:43:00,7634.5,426916,7635.0,786149,16860,80000,-63140,-359233,0.5
1900-01-24 03:43:15,7635.0,946278,7635.5,2914,32753,1588,31165,943364,0.5
1900-01-24 03:43:30,7635.5,45357,7636.0,919785,16837,11398,5439,-874428,0.5
1900-01-24 03:43:45,7635.5,665503,7636.0,743469,1001,15932,-14931,-77966,0.5
1900-01-24 03:44:00,7635.5,480594,7636.0,664129,1397,1000,397,-183535,0.5
1900-01-24 03:44:15,7635.5,3489,7636.0,1239791,2080,22363,-20283,-1236302,0.5
1900-01-24 03:44:30,7634.0,42879,7634.5,1116947,14489,56636,-42147,-1074068,0.5
1900-01-24 03:44:45,7634.0,26880,7634.5,1517194,4074,28409,-24335,-1490314,0.5
1900-01-24 03:45:00,7634.0,470618,7634.5,1652409,2101,10756,-8655,-1181791,0.5
1900-01-24 03:45:15,7634.0,420693,7634.5,1407699,4102,11920,-7818,-987006,0.5
1900-01-24 03:45:30,7631.0,293575,7631.5,740335,2660,99851,-97191,-446760,0.5
1900-01-24 03:45:45,7634.0,1196555,7634.5,23540,101965,7651,94314,1173015,0.5
1900-01-24 03:46:00,7634.0,1383243,7634.5,1641,8937,45900,-36963,1381602,0.5
1900-01-24 03:46:15,7635.0,1229948,7635.5,273402,86044,3025,83019,956546,0.5
1900-01-24 03:46:30,7635.0,1262208,7635.5,237215,60041,3025,57016,1024993,0.5
1900-01-24 03:46:45,7641.0,662816,7641.5,742094,87128,5322,81806,-79278,0.5
1900-01-24 03:47:00,7641.0,939237,7641.5,148575,83004,9777,73227,790662,0.5
1900-01-24 03:47:15,7642.5,1359183,7643.0,2956,88122,5003,83119,1356227,0.5
1900-01-24 03:47:30,7644.0,92560,7644.5,888444,22654,19966,2688,-795884,0.5
1900-01-24 03:47:45,7640.0,304363,7640.5,1040298,9624,88067,-78443,-735935,0.5
1900-01-24 03:48:00,7640.0,764458,7640.5,332970,67854,55961,11893,431488,0.5
1900-01-24 03:48:15,7640.0,882203,7640.5,255910,35826,55961,-20135,626293,0.5
1900-01-24 03:48:30,7640.0,1022303,7640.5,251051,6120,55961,-49841,771252,0.5
1900-01-24 03:48:45,7640.0,1011058,7640.5,211601,2060,9801,-7741,799457,0.5
1900-01-24 03:49:00,7640.5,1277165,7641.0,16225,6730,5510,1220,1260940,0.5
1900-01-24 03:49:15,7641.0,1455748,7641.5,3438,988,1800,-812,1452310,0.5
1900-01-24 03:49:30,7641.5,981649,7642.0,60559,19363,500,18863,921090,0.5
1900-01-24 03:49:45,7642.5,803049,7643.0,340357,2096,18652,-16556,462692,0.5
1900-01-24 03:50:00,7642.5,798664,7643.0,242861,28908,5060,23848,555803,0.5
1900-01-24 03:50:15,7642.5,766396,7643.0,151650,64701,200,64501,614746,0.5
1900-01-24 03:50:30,7642.5,665968,7643.0,51746,6883,200,6683,614222,0.5
1900-01-24 03:50:45,7642.5,741271,7643.0,95673,7638,24,7614,645598,0.5
1900-01-24 03:51:00,7642.5,775419,7643.0,202567,8134,36055,-27921,572852,0.5
1900-01-24 03:51:15,7642.5,463107,7643.0,654123,693,9327,-8634,-191016,0.5
1900-01-24 03:51:30,7642.5,481378,7643.0,744404,2136,2876,-740,-263026,0.5
1900-01-24 03:51:45,7642.5,424438,7643.0,767625,21260,14843,6417,-343187,0.5
1900-01-24 03:52:00,7642.5,763961,7643.0,247217,15978,10615,5363,516744,0.5
1900-01-24 03:52:15,7644.5,886429,7645.0,248265,161338,2,161336,638164,0.5
1900-01-24 03:52:30,7645.0,1077451,7645.5,865,144168,5279,138889,1076586,0.5
1900-01-24 03:52:45,7646.0,976411,7646.5,61706,35378,1640,33738,914705,0.5
1900-01-24 03:53:00,7646.0,1015615,7646.5,8880,16339,213,16126,1006735,0.5
1900-01-24 03:53:15,7646.5,1444204,7647.0,2388,13354,213,13141,1441816,0.5
1900-01-24 03:53:30,7648.5,1227174,7649.0,16951,23197,7020,16177,1210223,0.5
1900-01-24 03:53:45,7649.5,682811,7650.0,525421,53683,5700,47983,157390,0.5
1900-01-24 03:54:00,7649.5,1096654,7650.0,78944,5125,2571,2554,1017710,0.5
1900-01-24 03:54:15,7653.0,471076,7653.5,535154,76559,5030,71529,-64078,0.5
1900-01-24 03:54:30,7653.0,299923,7653.5,574255,154373,11141,143232,-274332,0.5
1900-01-24 03:54:45,7654.5,901514,7655.0,60680,32561,35538,-2977,840834,0.5
1900-01-24 03:55:00,7654.5,615317,7655.0,447300,24476,19549,4927,168017,0.5
1900-01-24 03:55:15,7654.5,592355,7655.0,314115,18570,6725,11845,278240,0.5
1900-01-24 03:55:30,7654.5,619859,7655.0,235884,68818,11574,57244,383975,0.5
1900-01-24 03:55:45,7654.5,641123,7655.0,35618,40524,11574,28950,605505,0.5
1900-01-24 03:56:00,7655.0,572287,7655.5,75001,25416,5383,20033,497286,0.5
1900-01-24 03:56:15,7655.0,548381,7655.5,323870,10053,5383,4670,224511,0.5
1900-01-24 03:56:30,7655.0,458544,7655.5,413695,10471,19256,-8785,44849,0.5
1900-01-24 03:56:45,7655.0,346489,7655.5,461334,17429,36090,-18661,-114845,0.5
1900-01-24 03:57:00,7655.0,46808,7655.5,676152,8991,127415,-118424,-629344,0.5
1900-01-24 03:57:15,7653.0,376529,7653.5,428393,10375,35787,-25412,-51864,0.5
1900-01-24 03:57:30,7653.0,54272,7653.5,722485,1938,87032,-85094,-668213,0.5
1900-01-24 03:57:45,7652.5,26730,7653.0,545460,1180,23724,-22544,-518730,0.5
1900-01-24 03:58:00,7650.5,1447835,7651.0,18544,2265,15761,-13496,1429291,0.5
1900-01-24 03:58:15,7650.5,781908,7651.0,25775,3039,5000,-1961,756133,0.5
1900-01-24 03:58:30,7650.5,782764,7651.0,203074,5110,1884,3226,579690,0.5
1900-01-24 03:58:45,7650.5,623098,7651.0,269552,3359,32571,-29212,353546,0.5
1900-01-24 03:59:00,7650.5,479878,7651.0,249582,1314,4001,-2687,230296,0.5
1900-01-24 03:59:15,7662.5,1169032,7663.0,16544,396600,83917,312683,1152488,0.5
1900-01-24 03:59:30,7666.5,914462,7667.0,178067,345984,115218,230766,736395,0.5
1900-01-24 03:59:45,7667.5,1219416,7668.0,10175,42493,8664,33829,1209241,0.5
1900-01-24 04:00:00,7668.0,537382,7668.5,380000,89533,24000,65533,157382,0.5
1900-01-24 04:00:15,7668.0,621150,7668.5,453666,113474,15365,98109,167484,0.5
1900-01-24 04:00:30,7669.5,1611365,7670.0,101644,118946,23648,95298,1509721,0.5
1900-01-24 04:00:45,7676.5,408542,7677.0,533220,109819,38992,70827,-124678,0.5
1900-01-24 04:01:00,7690.5,296756,7691.0,433623,734475,16803,717672,-136867,0.5
1900-01-24 04:01:15,7691.0,601077,7691.5,141281,279283,83697,195586,459796,0.5
1900-01-24 04:01:30,7691.5,485167,7692.0,391882,217544,14566,202978,93285,0.5
1900-01-24 04:01:45,7693.5,216862,7694.0,53526,101546,56118,45428,163336,0.5
1900-01-24 04:02:00,7692.5,173597,7693.0,324107,77312,632332,-555020,-150510,0.5
1900-01-24 04:02:15,7692.5,522021,7693.0,335010,98533,217491,-118958,187011,0.5
1900-01-24 04:02:30,7684.0,1071953,7684.5,53190,59175,76632,-17457,1018763,0.5
1900-01-24 04:02:45,7684.0,807397,7684.5,144458,79258,166948,-87690,662939,0.5
1900-01-24 04:03:00,7689.5,461668,7690.0,339786,42150,37413,4737,121882,0.5
1900-01-24 04:03:15,7689.5,705646,7690.0,219135,63461,15823,47638,486511,0.5
1900-01-24 04:03:30,7689.5,834124,7690.0,80884,86765,27005,59760,753240,0.5
1900-01-24 04:03:45,7684.0,86869,7684.5,511353,59525,151234,-91709,-424484,0.5
1900-01-24 04:04:00,7684.5,530864,7685.0,198780,57680,117469,-59789,332084,0.5
1900-01-24 04:04:15,7683.0,38941,7683.5,688776,21507,221659,-200152,-649835,0.5
1900-01-24 04:04:30,7680.5,608747,7681.0,45298,54818,54283,535,563449,0.5
1900-01-24 04:04:45,7685.0,653954,7685.5,672857,55167,9376,45791,-18903,0.5
1900-01-24 04:05:00,7687.0,58789,7687.5,748880,57480,202822,-145342,-690091,0.5
1900-01-24 04:05:15,7687.0,743748,7687.5,23642,213011,120444,92567,720106,0.5
1900-01-24 04:05:30,7687.0,128979,7687.5,346396,6028,26011,-19983,-217417,0.5
1900-01-24 04:05:45,7685.0,206385,7685.5,495868,28255,58161,-29906,-289483,0.5
1900-01-24 04:06:00,7685.0,252755,7685.5,484536,37276,25000,12276,-231781,0.5
1900-01-24 04:06:15,7685.0,158733,7685.5,453831,39443,111610,-72167,-295098,0.5
1900-01-24 04:06:30,7685.0,284772,7685.5,404525,6262,82390,-76128,-119753,0.5
1900-01-24 04:06:45,7685.0,220103,7685.5,595707,12949,53495,-40546,-375604,0.5
1900-01-24 04:07:00,7683.0,11028,7683.5,492527,8144,55754,-47610,-481499,0.5
1900-01-24 04:07:15,7681.0,65558,7681.5,355621,41189,34664,6525,-290063,0.5
1900-01-24 04:07:30,7680.5,10779,7681.0,432028,5096,16913,-11817,-421249,0.5
1900-01-24 04:07:45,7679.0,40211,7679.5,563883,160606,217539,-56933,-523672,0.5
1900-01-24 04:08:00,7678.5,9004,7679.0,836403,4084,169595,-165511,-827399,0.5
1900-01-24 04:08:15,7676.5,625903,7677.0,466900,8454,114018,-105564,159003,0.5
1900-01-24 04:08:30,7676.5,621528,7677.0,291667,58577,28040,30537,329861,0.5
1900-01-24 04:08:45,7676.5,592191,7677.0,365056,30256,82392,-52136,227135,0.5
1900-01-24 04:09:00,7676.5,75949,7677.0,1360161,46889,162756,-115867,-1284212,0.5
1900-01-24 04:09:15,7672.0,525960,7672.5,524846,4784,252210,-247426,1114,0.5
1900-01-24 04:09:30,7672.0,703083,7672.5,464577,4061,35302,-31241,238506,0.5
1900-01-24 04:09:45,7671.5,65871,7672.0,678341,71510,165895,-94385,-612470,0.5
1900-01-24 04:10:00,7666.5,595765,7667.0,437384,7541,281877,-274336,158381,0.5
1900-01-24 04:10:15,7666.5,529874,7667.0,269230,72076,57665,14411,260644,0.5
1900-01-24 04:10:30,7666.5,490364,7667.0,404226,7565,16454,-8889,86138,0.5
1900-01-24 04:10:45,7666.5,717252,7667.0,361077,51164,61136,-9972,356175,0.5
1900-01-24 04:11:00,7666.5,673075,7667.0,309735,14307,51765,-37458,363340,0.5
1900-01-24 04:11:15,7666.5,621549,7667.0,341584,110162,10,110152,279965,0.5
1900-01-24 04:11:30,7667.5,1031773,7668.0,208842,75995,15037,60958,822931,0.5
1900-01-24 04:11:45,7667.5,213690,7668.0,648076,35348,17896,17452,-434386,0.5
1900-01-24 04:12:00,7665.0,876847,7665.5,245064,1398,123793,-122395,631783,0.5
1900-01-24 04:12:15,7669.0,56984,7669.5,877846,12374,20335,-7961,-820862,0.5
1900-01-24 04:12:30,7669.0,43706,7669.5,1072974,31002,8084,22918,-1029268,0.5
1900-01-24 04:12:45,7669.0,20039,7669.5,1116010,14261,15583,-1322,-1095971,0.5
1900-01-24 04:13:00,7669.5,608512,7670.0,21800,20195,18208,1987,586712,0.5
1900-01-24 04:13:15,7669.5,185694,7670.0,1042590,19125,23480,-4355,-856896,0.5
1900-01-24 04:13:30,7667.5,11085,7668.0,65185,2000,150749,-148749,-54100,0.5
1900-01-24 04:13:45,7666.5,1148,7667.0,1020902,10870,10425,445,-1019754,0.5
1900-01-24 04:14:00,7666.0,130324,7666.5,977538,2201,1202,999,-847214,0.5
1900-01-24 04:14:15,7666.0,603821,7666.5,373161,52000,18646,33354,230660,0.5
1900-01-24 04:14:30,7666.0,32541,7666.5,804808,18761,8664,10097,-772267,0.5
1900-01-24 04:14:45,7666.0,178979,7666.5,801872,8554,8216,338,-622893,0.5
1900-01-24 04:15:00,7668.0,172131,7668.5,988807,41019,21315,19704,-816676,0.5
1900-01-24 04:15:15,7668.0,19781,7668.5,1141243,21668,120164,-98496,-1121462,0.5
1900-01-24 04:15:30,7668.0,42595,7668.5,1217559,350,27384,-27034,-1174964,0.5
1900-01-24 04:15:45,7668.0,132665,7668.5,1258596,4455,20402,-15947,-1125931,0.5
1900-01-24 04:16:00,7668.0,72391,7668.5,1271254,1376,11122,-9746,-1198863,0.5
1900-01-24 04:16:15,7659.0,12465,7659.5,261741,38503,251110,-212607,-249276,0.5
1900-01-24 04:16:30,7659.0,495139,7659.5,378870,15267,106013,-90746,116269,0.5
1900-01-24 04:16:45,7659.0,441,7659.5,1084712,5506,40746,-35240,-1084271,0.5
1900-01-24 04:17:00,7659.0,72789,7659.5,938942,10030,28354,-18324,-866153,0.5
1900-01-24 04:17:15,7659.0,634441,7659.5,222076,41348,63827,-22479,412365,0.5
1900-01-24 04:17:30,7658.5,2068,7659.0,1778752,1137,74925,-73788,-1776684,0.5
1900-01-24 04:17:45,7655.0,324702,7655.5,1206770,20190,122428,-102238,-882068,0.5
1900-01-24 04:18:00,7656.5,801528,7657.0,6785,37010,38045,-1035,794743,0.5
1900-01-24 04:18:15,7656.5,823414,7657.0,96753,15103,4950,10153,726661,0.5
1900-01-24 04:18:30,7656.5,736720,7657.0,258254,41895,14808,27087,478466,0.5
1900-01-24 04:18:45,7656.5,865296,7657.0,234861,76883,24522,52361,630435,0.5
1900-01-24 04:19:00,7650.0,104548,7650.5,690386,74715,88880,-14165,-585838,0.5
1900-01-24 04:19:15,7647.5,285729,7648.0,688449,7378,344797,-337419,-402720,0.5
1900-01-24 04:19:30,7650.0,264503,7650.5,1151327,26383,30889,-4506,-886824,0.5
1900-01-24 04:19:45,7649.5,38443,7650.0,1385735,7750,100263,-92513,-1347292,0.5
1900-01-24 04:20:00,7649.5,87316,7650.0,726786,7273,33484,-26211,-639470,0.5
1900-01-24 04:20:15,7649.5,606419,7650.0,150104,34058,13953,20105,456315,0.5
1900-01-24 04:20:30,7649.5,722645,7650.0,84930,22869,10,22859,637715,0.5
1900-01-24 04:20:45,7649.5,216785,7650.0,1167802,26550,20287,6263,-951017,0.5
1900-01-24 04:21:00,7651.5,843221,7652.0,391216,132010,15411,116599,452005,0.5
1900-01-24 04:21:15,7651.5,1194565,7652.0,83241,78979,17611,61368,1111324,0.5
1900-01-24 04:21:30,7651.5,1171601,7652.0,74260,89570,13000,76570,1097341,0.5
1900-01-24 04:21:45,7651.5,507614,7652.0,797268,19940,2249,17691,-289654,0.5
1900-01-24 04:22:00,7651.5,956732,7652.0,438612,3937,5956,-2019,518120,0.5
1900-01-24 04:22:15,7651.5,977499,7652.0,187788,14941,11867,3074,789711,0.5
1900-01-24 04:22:30,7651.5,388372,7652.0,654014,35424,89433,-54009,-265642,0.5
1900-01-24 04:22:45,7651.5,814454,7652.0,258647,3110,12974,-9864,555807,0.5
1900-01-24 04:23:00,7651.5,926018,7652.0,105832,19003,16790,2213,820186,0.5
1900-01-24 04:23:15,7655.0,863483,7655.5,24540,12010,9700,2310,838943,0.5
1900-01-24 04:23:30,7658.0,349816,7658.5,978034,315155,8,315147,-628218,0.5
1900-01-24 04:23:45,7658.0,334005,7658.5,614117,26628,1600,25028,-280112,0.5
1900-01-24 04:24:00,7658.0,582030,7658.5,754570,2337,230,2107,-172540,0.5
1900-01-24 04:24:15,7658.0,618172,7658.5,724444,19040,5840,13200,-106272,0.5
1900-01-24 04:24:30,7658.0,659340,7658.5,670572,20734,5537,15197,-11232,0.5
1900-01-24 04:24:45,7658.0,633285,7658.5,670846,53996,23001,30995,-37561,0.5
1900-01-24 04:25:00,7658.0,617371,7658.5,782683,13104,7433,5671,-165312,0.5
1900-01-24 04:25:15,7658.0,626776,7658.5,630123,22440,23000,-560,-3347,0.5
1900-01-24 04:25:30,7658.0,617781,7658.5,673769,57060,28150,28910,-55988,0.5
1900-01-24 04:25:45,7658.0,288569,7658.5,1421369,57060,45876,11184,-1132800,0.5
1900-01-24 04:26:00,7653.0,32243,7653.5,1374324,9838,94342,-84504,-1342081,0.5
1900-01-24 04:26:15,7653.0,886300,7653.5,403265,570,9435,-8865,483035,0.5
1900-01-24 04:26:30,7653.0,107211,7653.5,965109,14582,11163,3419,-857898,0.5
1900-01-24 04:26:45,7653.0,97598,7653.5,915658,1900,29204,-27304,-818060,0.5
1900-01-24 04:27:00,7652.5,110243,7653.0,795459,9776,9595,181,-685216,0.5
1900-01-24 04:27:15,7651.5,33049,7652.0,1659490,32847,90631,-57784,-1626441,0.5
1900-01-24 04:27:30,7648.0,18285,7648.5,1414702,18641,47996,-29355,-1396417,0.5
1900-01-24 04:27:45,7648.0,162742,7648.5,764877,37438,78209,-40771,-602135,0.5
1900-01-24 04:28:00,7648.0,649627,7648.5,542519,1621,15216,-13595,107108,0.5
1900-01-24 04:28:15,7648.0,86143,7648.5,1298550,13094,20760,-7666,-1212407,0.5
1900-01-24 04:28:30,7648.0,624354,7648.5,270731,13094,102731,-89637,353623,0.5
1900-01-24 04:28:45,7649.0,202619,7649.5,1080010,61528,9921,51607,-877391,0.5
1900-01-24 04:29:00,7649.5,749002,7650.0,24021,15556,7932,7624,724981,0.5
1900-01-24 04:29:15,7649.5,69555,7650.0,461611,9322,173466,-164144,-392056,0.5
1900-01-24 04:29:30,7649.5,612883,7650.0,514451,18051,12152,5899,98432,0.5
1900-01-24 04:29:45,7649.5,23265,7650.0,1533237,24000,83029,-59029,-1509972,0.5
1900-01-24 04:30:00,7646.0,56463,7646.5,852988,13571,30981,-17410,-796525,0.5
1900-01-24 04:30:15,7646.0,431838,7646.5,1013724,5220,8454,-3234,-581886,0.5
1900-01-24 04:30:30,7646.0,1000229,7646.5,384905,3723,26629,-22906,615324,0.5
1900-01-24 04:30:45,7646.0,960045,7646.5,400762,58420,8672,49748,559283,0.5
1900-01-24 04:31:00,7646.5,1049290,7647.0,22208,66867,6753,60114,1027082,0.5
1900-01-24 04:31:15,7648.5,786219,7649.0,21567,124542,1235,123307,764652,0.5
1900-01-24 04:31:30,7649.0,822944,7649.5,299681,2801,1,2800,523263,0.5
1900-01-24 04:31:45,7649.0,205008,7649.5,1413236,19129,31466,-12337,-1208228,0.5
1900-01-24 04:32:00,7649.0,291466,7649.5,737454,6692,216840,-210148,-445988,0.5
1900-01-24 04:32:15,7649.0,443827,7649.5,866770,21470,11000,10470,-422943,0.5
1900-01-24 04:32:30,7649.0,247231,7649.5,1103539,50640,12500,38140,-856308,0.5
1900-01-24 04:32:45,7646.5,406017,7647.0,892227,1665,173411,-171746,-486210,0.5
1900-01-24 04:33:00,7645.5,8235,7646.0,1753957,8628,374887,-366259,-1745722,0.5
1900-01-24 04:33:15,7645.0,190219,7645.5,1302390,3010,118605,-115595,-1112171,0.5
1900-01-24 04:33:30,7640.5,304306,7641.0,730967,1946,64685,-62739,-426661,0.5
1900-01-24 04:33:45,7640.5,233056,7641.0,598361,3707,30680,-26973,-365305,0.5
1900-01-24 04:34:00,7640.5,73011,7641.0,516642,112081,197355,-85274,-443631,0.5
1900-01-24 04:34:15,7640.5,89794,7641.0,661411,3502,12794,-9292,-571617,0.5
1900-01-24 04:34:30,7640.5,582774,7641.0,57655,89228,28765,60463,525119,0.5
1900-01-24 04:34:45,7640.0,921865,7640.5,396161,25683,49453,-23770,525704,0.5
1900-01-24 04:35:00,7640.0,951963,7640.5,85474,125876,255158,-129282,866489,0.5
1900-01-24 04:35:15,7642.0,613609,7642.5,73739,64849,4,64845,539870,0.5
1900-01-24 04:35:30,7645.0,783383,7645.5,67637,118276,1626,116650,715746,0.5
1900-01-24 04:35:45,7646.5,552162,7647.0,4528,5443,1626,3817,547634,0.5
1900-01-24 04:36:00,7647.5,831534,7648.0,79584,45382,1626,43756,751950,0.5
1900-01-24 04:36:15,7654.5,440651,7655.0,855567,101409,2552,98857,-414916,0.5
1900-01-24 04:36:30,7654.5,498205,7655.0,207192,42914,16379,26535,291013,0.5
1900-01-24 04:36:45,7654.5,538214,7655.0,109295,11068,10000,1068,428919,0.5
1900-01-24 04:37:00,7656.0,489688,7656.5,219627,30131,12552,17579,270061,0.5
1900-01-24 04:37:15,7656.5,612067,7657.0,169897,93540,21001,72539,442170,0.5
1900-01-24 04:37:30,7656.5,897760,7657.0,239372,54857,100,54757,658388,0.5
1900-01-24 04:37:45,7656.5,1009862,7657.0,118750,25103,35126,-10023,891112,0.5
1900-01-24 04:38:00,7656.5,705716,7657.0,391087,16553,60216,-43663,314629,0.5
1900-01-24 04:38:15,7658.0,522255,7658.5,341670,21975,1,21974,180585,0.5
1900-01-24 04:38:30,7658.0,383913,7658.5,1131614,11542,101679,-90137,-747701,0.5
1900-01-24 04:38:45,7658.0,765837,7658.5,969081,5038,79872,-74834,-203244,0.5
1900-01-24 04:39:00,7658.0,340078,7658.5,1341518,3540,31145,-27605,-1001440,0.5
1900-01-24 04:39:15,7658.0,317930,7658.5,1124347,24202,22052,2150,-806417,0.5
1900-01-24 04:39:30,7658.0,373409,7658.5,1156576,7398,9320,-1922,-783167,0.5
1900-01-24 04:39:45,7658.0,246565,7658.5,1089182,9,127470,-127461,-842617,0.5
1900-01-24 04:40:00,7658.0,406568,7658.5,838176,18360,56843,-38483,-431608,0.5
1900-01-24 04:40:15,7658.0,574652,7658.5,150942,11278,25580,-14302,423710,0.5
1900-01-24 04:40:30,7658.5,606457,7659.0,289529,53759,4395,49364,316928,0.5
1900-01-24 04:40:45,7659.5,640638,7660.0,2024,126321,50030,76291,638614,0.5
1900-01-24 04:41:00,7661.0,507841,7661.5,1002740,18022,11848,6174,-494899,0.5
1900-01-24 04:41:15,7661.0,511069,7661.5,987018,53107,9116,43991,-475949,0.5
1900-01-24 04:41:30,7661.0,504586,7661.5,980869,10640,28392,-17752,-476283,0.5
1900-01-24 04:41:45,7661.0,534807,7661.5,1279172,2360,10930,-8570,-744365,0.5
1900-01-24 04:42:00,7661.0,256983,7661.5,1311319,217,7502,-7285,-1054336,0.5
1900-01-24 04:42:15,7660.0,93562,7660.5,144287,217,100119,-99902,-50725,0.5
1900-01-24 04:42:30,7660.0,90442,7660.5,1614377,11400,16100,-4700,-1523935,0.5
1900-01-24 04:42:45,7660.0,33178,7660.5,1439573,750,30506,-29756,-1406395,0.5
1900-01-24 04:43:00,7658.0,166973,7658.5,1367388,2040,408796,-406756,-1200415,0.5
1900-01-24 04:43:15,7656.5,10173,7657.0,932222,2040,80680,-78640,-922049,0.5
1900-01-24 04:43:30,7656.0,47300,7656.5,1290260,1779,20151,-18372,-1242960,0.5
1900-01-24 04:43:45,7655.5,94649,7656.0,1153011,4191,39842,-35651,-1058362,0.5
1900-01-24 04:44:00,7655.0,694725,7655.5,459237,5653,28393,-22740,235488,0.5
1900-01-24 04:44:15,7655.0,68454,7655.5,1058417,1112,2112,-1000,-989963,0.5
1900-01-24 04:44:30,7655.0,213991,7655.5,1173474,2332,4975,-2643,-959483,0.5
1900-01-24 04:44:45,7655.0,88946,7655.5,1643670,15659,15336,323,-1554724,0.5
1900-01-24 04:45:00,7651.5,317045,7652.0,996004,13551,64720,-51169,-678959,0.5
1900-01-24 04:45:15,7651.5,342994,7652.0,1357238,16697,17451,-754,-1014244,0.5
1900-01-24 04:45:30,7651.5,292220,7652.0,1387843,612,24640,-24028,-1095623,0.5
1900-01-24 04:45:45,7651.5,231822,7652.0,1264825,1009,79460,-78451,-1033003,0.5
1900-01-24 04:46:00,7651.5,195322,7652.0,1588119,684,29875,-29191,-1392797,0.5
1900-01-24 04:46:15,7651.5,136110,7652.0,1506093,1543,62077,-60534,-1369983,0.5
1900-01-24 04:46:30,7651.5,165598,7652.0,1148505,549,904,-355,-982907,0.5
1900-01-24 04:46:45,7651.5,781810,7652.0,305428,18603,2515,16088,476382,0.5
1900-01-24 04:47:00,7651.5,833466,7652.0,237237,35761,8520,27241,596229,0.5
1900-01-24 04:47:15,7651.5,1016152,7652.0,44589,165449,100,165349,971563,0.5
1900-01-24 04:47:30,7651.5,995737,7652.0,6993,36394,2150,34244,988744,0.5
1900-01-24 04:47:45,7654.0,590944,7654.5,697726,24148,45,24103,-106782,0.5
1900-01-24 04:48:00,7654.0,831796,7654.5,13124,61219,2446,58773,818672,0.5
1900-01-24 04:48:15,7654.5,827697,7655.0,56225,5236,121,5115,771472,0.5
1900-01-24 04:48:30,7654.5,663278,7655.0,448467,1817,6001,-4184,214811,0.5
1900-01-24 04:48:45,7654.5,697165,7655.0,732164,4622,6001,-1379,-34999,0.5
1900-01-24 04:49:00,7655.0,756419,7655.5,210665,49301,25,49276,545754,0.5
1900-01-24 04:49:15,7655.5,599997,7656.0,426717,25000,4002,20998,173280,0.5
1900-01-24 04:49:30,7655.5,645777,7656.0,398554,9074,102309,-93235,247223,0.5
1900-01-24 04:49:45,7655.5,692915,7656.0,524818,12102,60,12042,168097,0.5
1900-01-24 04:50:00,7655.5,683181,7656.0,331486,6570,25825,-19255,351695,0.5
1900-01-24 04:50:15,7655.5,767981,7656.0,122797,29963,7118,22845,645184,0.5
1900-01-24 04:50:30,7655.5,713688,7656.0,379025,22001,5500,16501,334663,0.5
1900-01-24 04:50:45,7655.5,731930,7656.0,153949,14350,5500,8850,577981,0.5
1900-01-24 04:51:00,7656.5,889986,7657.0,428335,23160,37086,-13926,461651,0.5
1900-01-24 04:51:15,7658.5,720678,7659.0,348799,21731,436,21295,371879,0.5
1900-01-24 04:51:30,7659.0,761203,7659.5,888907,4865,10157,-5292,-127704,0.5
1900-01-24 04:51:45,7659.0,921965,7659.5,302841,45953,11925,34028,619124,0.5
1900-01-24 04:52:00,7659.5,1228602,7660.0,161745,43712,10021,33691,1066857,0.5
1900-01-24 04:52:15,7659.5,943741,7660.0,341989,12074,30,12044,601752,0.5
1900-01-24 04:52:30,7661.0,743514,7661.5,477784,49375,1,49374,265730,0.5
1900-01-24 04:52:45,7661.0,978226,7661.5,449309,35411,8120,27291,528917,0.5
1900-01-24 04:53:00,7661.0,1009378,7661.5,567661,3284,14153,-10869,441717,0.5
1900-01-24 04:53:15,7661.0,996060,7661.5,420219,31765,5279,26486,575841,0.5
1900-01-24 04:53:30,7661.0,542857,7661.5,1070887,53306,53763,-457,-528030,0.5
1900-01-24 04:53:45,7661.0,619355,7661.5,1049028,627,4090,-3463,-429673,0.5
1900-01-24 04:54:00,7661.0,774508,7661.5,621611,27291,13452,13839,152897,0.5
1900-01-24 04:54:15,7661.0,1003896,7661.5,353614,13980,62,13918,650282,0.5
1900-01-24 04:54:30,7661.0,774425,7661.5,293037,16696,4000,12696,481388,0.5
1900-01-24 04:54:45,7661.0,784451,7661.5,740921,108114,2000,106114,43530,0.5
1900-01-24 04:55:00,7661.0,191171,7661.5,982796,4355,81774,-77419,-791625,0.5
1900-01-24 04:55:15,7661.0,120566,7661.5,1065962,5300,25065,-19765,-945396,0.5
1900-01-24 04:55:30,7661.0,348752,7661.5,1029473,550,3000,-2450,-680721,0.5
1900-01-24 04:55:45,7661.0,189249,7661.5,1034878,1001,44639,-43638,-845629,0.5
1900-01-24 04:56:00,7661.0,333676,7661.5,1054967,40,759,-719,-721291,0.5
1900-01-24 04:56:15,7661.0,112226,7661.5,1041131,27425,4909,22516,-928905,0.5
1900-01-24 04:56:30,7660.0,190003,7660.5,720385,27425,57579,-30154,-530382,0.5
1900-01-24 04:56:45,7660.0,213309,7660.5,1100290,11,7979,-7968,-886981,0.5
1900-01-24 04:57:00,7660.0,216644,7660.5,1061890,5000,31700,-26700,-845246,0.5
1900-01-24 04:57:15,7660.0,252611,7660.5,1192248,2006,25000,-22994,-939637,0.5
1900-01-24 04:57:30,7660.0,348367,7660.5,1101150,40,13524,-13484,-752783,0.5
1900-01-24 04:57:45,7660.0,609697,7660.5,391692,16524,53040,-36516,218005,0.5
1900-01-24 04:58:00,7660.0,730809,7660.5,351746,11679,73,11606,379063,0.5
1900-01-24 04:58:15,7660.0,528757,7660.5,535472,5000,7175,-2175,-6715,0.5
1900-01-24 04:58:30,7660.0,917945,7660.5,334505,30400,1317,29083,583440,0.5
1900-01-24 04:58:45,7660.5,830852,7661.0,142057,151917,4049,147868,688795,0.5
1900-01-24 04:59:00,7660.5,895301,7661.0,153006,58301,4049,54252,742295,0.5
1900-01-24 04:59:15,7661.0,762069,7661.5,355165,53615,3613,50002,406904,0.5
1900-01-24 04:59:30,7661.0,935785,7661.5,254132,2685,1020,1665,681653,0.5
1900-01-24 04:59:45,7661.5,787763,7662.0,13795,37316,3007,34309,773968,0.5
1900-01-24 05:00:00,7662.0,939200,7662.5,115798,30535,48717,-18182,823402,0.5
1900-01-24 05:00:15,7662.0,368034,7662.5,701831,7726,2047,5679,-333797,0.5
1900-01-24 05:00:30,7662.0,1072256,7662.5,183861,6717,1430,5287,888395,0.5
1900-01-24 05:00:45,7662.5,565626,7663.0,1274766,161649,20088,141561,-709140,0.5
1900-01-24 05:01:00,7662.5,1243786,7663.0,1220206,106042,4246,101796,23580,0.5
1900-01-24 05:01:15,7662.5,759380,7663.0,1230437,23245,57601,-34356,-471057,0.5
1900-01-24 05:01:30,7662.5,868239,7663.0,1182176,58558,59685,-1127,-313937,0.5
1900-01-24 05:01:45,7662.5,1269214,7663.0,1143697,27774,27876,-102,125517,0.5
1900-01-24 05:02:00,7662.5,1090274,7663.0,1133756,14641,14157,484,-43482,0.5
1900-01-24 05:02:15,7662.5,1302439,7663.0,459084,708306,476,707830,843355,0.5
1900-01-24 05:02:30,7662.5,1217729,7663.0,397843,61187,31277,29910,819886,0.5
1900-01-24 05:02:45,7664.0,1132561,7664.5,27350,60628,108228,-47600,1105211,0.5
1900-01-24 05:03:00,7664.0,1258717,7664.5,2321,33105,1541,31564,1256396,0.5
1900-01-24 05:03:15,7664.0,172888,7664.5,666707,11970,34223,-22253,-493819,0.5
1900-01-24 05:03:30,7664.0,239746,7664.5,660265,3116,2904,212,-420519,0.5
1900-01-24 05:03:45,7664.0,284495,7664.5,717879,3420,8715,-5295,-433384,0.5
1900-01-24 05:04:00,7664.0,321402,7664.5,748322,12623,11219,1404,-426920,0.5
1900-01-24 05:04:15,7664.0,449872,7664.5,740601,1800,16912,-15112,-290729,0.5
1900-01-24 05:04:30,7664.0,353718,7664.5,777641,2019,53201,-51182,-423923,0.5
1900-01-24 05:04:45,7664.0,332108,7664.5,925879,9300,77454,-68154,-593771,0.5
1900-01-24 05:05:00,7664.0,156626,7664.5,856668,1219,164935,-163716,-700042,0.5
1900-01-24 05:05:15,7663.5,5984,7664.0,1002722,3874,46299,-42425,-996738,0.5
1900-01-24 05:05:30,7661.5,64141,7662.0,1060927,5475,39613,-34138,-996786,0.5
1900-01-24 05:05:45,7659.5,91280,7660.0,2109085,666,7034,-6368,-2017805,0.5
1900-01-24 05:06:00,7659.5,108398,7660.0,2108641,4048,31820,-27772,-2000243,0.5
1900-01-24 05:06:15,7659.5,133272,7660.0,2064728,35638,37925,-2287,-1931456,0.5
1900-01-24 05:06:30,7659.5,76658,7660.0,2279872,76734,34832,41902,-2203214,0.5
1900-01-24 05:06:45,7658.0,209570,7658.5,545513,636,113245,-112609,-335943,0.5
1900-01-24 05:07:00,7658.0,199493,7658.5,848632,411,57096,-56685,-649139,0.5
1900-01-24 05:07:15,7658.0,164124,7658.5,750790,63774,20662,43112,-586666,0.5
1900-01-24 05:07:30,7658.0,168918,7658.5,976987,21600,13379,8221,-808069,0.5
1900-01-24 05:07:45,7658.0,21571,7658.5,1095482,17000,82523,-65523,-1073911,0.5
1900-01-24 05:08:00,7658.0,5330,7658.5,1022213,5350,8923,-3573,-1016883,0.5
1900-01-24 05:08:15,7657.5,771898,7658.0,1253504,7001,168258,-161257,-481606,0.5
1900-01-24 05:08:30,7657.5,731486,7658.0,1375578,36161,45730,-9569,-644092,0.5
1900-01-24 05:08:45,7656.0,93118,7656.5,1056422,620,54870,-54250,-963304,0.5
1900-01-24 05:09:00,7655.5,539654,7656.0,1305843,150,35775,-35625,-766189,0.5
1900-01-24 05:09:15,7654.5,70948,7655.0,1738479,1121,355370,-354249,-1667531,0.5
1900-01-24 05:09:30,7654.5,12902,7655.0,2049999,47,45177,-45130,-2037097,0.5
1900-01-24 05:09:45,7652.0,27727,7652.5,1139635,16545,80075,-63530,-1111908,0.5
1900-01-24 05:10:00,7652.0,61598,7652.5,1535435,26447,70671,-44224,-1473837,0.5
1900-01-24 05:10:15,7652.0,90504,7652.5,1337515,1801,39725,-37924,-1247011,0.5
1900-01-24 05:10:30,7651.5,106872,7652.0,1569258,2545,24074,-21529,-1462386,0.5
1900-01-24 05:10:45,7651.0,2146,7651.5,1268029,26900,54954,-28054,-1265883,0.5
1900-01-24 05:11:00,7650.5,812914,7651.0,876542,15898,3983,11915,-63628,0.5
1900-01-24 05:11:15,7650.5,254530,7651.0,1320238,6060,165677,-159617,-1065708,0.5
1900-01-24 05:11:30,7650.5,438091,7651.0,1219858,7020,27116,-20096,-781767,0.5
1900-01-24 05:11:45,7650.5,452283,7651.0,1105754,5800,4578,1222,-653471,0.5
1900-01-24 05:12:00,7650.5,226771,7651.0,1579421,136,14093,-13957,-1352650,0.5
1900-01-24 05:12:15,7650.5,121660,7651.0,1734149,5,50967,-50962,-1612489,0.5
1900-01-24 05:12:30,7649.0,47658,7649.5,1645626,5100,113213,-108113,-1597968,0.5
1900-01-24 05:12:45,7645.0,214917,7645.5,999511,1273,194307,-193034,-784594,0.5
1900-01-24 05:13:00,7645.0,112026,7645.5,2066112,8022,174844,-166822,-1954086,0.5
1900-01-24 05:13:15,7643.0,13638,7643.5,1354545,1824,97376,-95552,-1340907,0.5
1900-01-24 05:13:30,7639.5,23924,7640.0,1087478,238,54879,-54641,-1063554,0.5
1900-01-24 05:13:45,7636.0,347285,7636.5,1289418,15389,279630,-264241,-942133,0.5
1900-01-24 05:14:00,7636.5,940820,7637.0,175276,127799,147941,-20142,765544,0.5
1900-01-24 05:14:15,7638.0,1031678,7638.5,57805,166112,10410,155702,973873,0.5
1900-01-24 05:14:30,7644.0,678254,7644.5,436023,74567,52810,21757,242231,0.5
1900-01-24 05:14:45,7644.0,115243,7644.5,1420050,14542,109878,-95336,-1304807,0.5
1900-01-24 05:15:00,7642.0,769061,7642.5,449624,15700,103305,-87605,319437,0.5
1900-01-24 05:15:15,7641.5,166370,7642.0,1113192,28250,152287,-124037,-946822,0.5
1900-01-24 05:15:30,7641.0,45196,7641.5,1351157,5766,174390,-168624,-1305961,0.5
1900-01-24 05:15:45,7641.0,546371,7641.5,574287,7945,30656,-22711,-27916,0.5
1900-01-24 05:16:00,7641.0,676471,7641.5,479331,3736,1138,2598,197140,0.5
1900-01-24 05:16:15,7641.0,585466,7641.5,800435,3256,11196,-7940,-214969,0.5
1900-01-24 05:16:30,7640.0,6232,7640.5,1553121,2000,112490,-110490,-1546889,0.5
1900-01-24 05:16:45,7633.5,28670,7634.0,917658,3718,150811,-147093,-888988,0.5
1900-01-24 05:17:00,7632.0,97223,7632.5,868813,11053,77208,-66155,-771590,0.5
1900-01-24 05:17:15,7632.0,41177,7632.5,1021235,38282,65227,-26945,-980058,0.5
1900-01-24 05:17:30,7638.5,196176,7639.0,311899,290551,22751,267800,-115723,0.5
1900-01-24 05:17:45,7638.5,373827,7639.0,405204,47949,7360,40589,-31377,0.5
1900-01-24 05:18:00,7638.5,546960,7639.0,420309,46188,9738,36450,126651,0.5
1900-01-24 05:18:15,7641.0,398041,7641.5,78242,304475,15125,289350,319799,0.5
1900-01-24 05:18:30,7640.5,13638,7641.0,1257487,14848,12657,2191,-1243849,0.5
1900-01-24 05:18:45,7637.5,497,7638.0,1288368,10986,54836,-43850,-1287871,0.5
1900-01-24 05:19:00,7633.0,29303,7633.5,1200180,571,37133,-36562,-1170877,0.5
1900-01-24 05:19:15,7631.5,455581,7632.0,640438,19072,70445,-51373,-184857,0.5
1900-01-24 05:19:30,7631.5,125240,7632.0,720535,48481,93914,-45433,-595295,0.5
1900-01-24 05:19:45,7631.5,550867,7632.0,1250567,14803,203333,-188530,-699700,0.5
1900-01-24 05:20:00,7631.5,93671,7632.0,865576,35432,25984,9448,-771905,0.5
1900-01-24 05:20:15,7631.5,62189,7632.0,829013,35432,41149,-5717,-766824,0.5
1900-01-24 05:20:30,7630.0,264106,7630.5,1328147,6678,744079,-737401,-1064041,0.5
1900-01-24 05:20:45,7627.5,43582,7628.0,922451,11393,169964,-158571,-878869,0.5
1900-01-24 05:21:00,7625.5,64542,7626.0,960271,19445,205889,-186444,-895729,0.5
1900-01-24 05:21:15,7633.0,46646,7633.5,1058415,235764,38120,197644,-1011769,0.5
1900-01-24 05:21:30,7635.5,331324,7636.0,495502,93123,53959,39164,-164178,0.5
1900-01-24 05:21:45,7635.5,85513,7636.0,1391335,104201,52328,51873,-1305822,0.5
