time,bid,bidSize,ask,askSize,buyMO,sellMO,buySellImb,orderImb,spread
1900-01-23 00:00:00,7958.5,19379,7959.0,1061481,82527,60979,21548,-1042102,0.5
1900-01-23 00:00:15,7954.0,537497,7954.5,177886,64360,287071,-222711,359611,0.5
1900-01-23 00:00:30,7954.5,709190,7955.0,356293,173691,21169,152522,352897,0.5
1900-01-23 00:00:45,7954.5,1018203,7955.0,345177,73475,90641,-17166,673026,0.5
1900-01-23 00:01:00,7962.5,659586,7963.0,21347,413146,33933,379213,638239,0.5
1900-01-23 00:01:15,7970.0,69331,7970.5,71940,236361,81762,154599,-2609,0.5
1900-01-23 00:01:30,7966.0,918754,7966.5,138472,30590,61398,-30808,780282,0.5
1900-01-23 00:01:45,7969.5,312699,7970.0,628922,87590,5572,82018,-316223,0.5
1900-01-23 00:02:00,7973.0,225448,7973.5,384392,158836,21769,137067,-158944,0.5
1900-01-23 00:02:15,7973.0,1086332,7973.5,38569,98279,14058,84221,1047763,0.5
1900-01-23 00:02:30,7979.0,831034,7979.5,7395,204263,3600,200663,823639,0.5
1900-01-23 00:02:45,7982.5,164665,7983.0,1281927,281220,1710,279510,-1117262,0.5
1900-01-23 00:03:00,7982.0,46086,7982.5,1340565,82898,155436,-72538,-1294479,0.5
1900-01-23 00:03:15,7982.0,864240,7982.5,2132,43534,96495,-52961,862108,0.5
1900-01-23 00:03:30,7982.0,96580,7982.5,1137379,131008,8360,122648,-1040799,0.5
1900-01-23 00:03:45,7982.0,867416,7982.5,63636,5184,24449,-19265,803780,0.5
1900-01-23 00:04:00,7982.0,1053126,7982.5,533317,103128,10,103118,519809,0.5
1900-01-23 00:04:15,7982.0,1126888,7982.5,51750,64768,14450,50318,1075138,0.5
1900-01-23 00:04:30,7981.5,7622,7982.0,598378,55005,74780,-19775,-590756,0.5
1900-01-23 00:04:45,7974.5,409449,7975.0,120739,3163,69479,-66316,288710,0.5
1900-01-23 00:05:00,7974.5,674711,7975.0,400986,10650,16687,-6037,273725,0.5
1900-01-23 00:05:15,7974.5,319225,7975.0,1022949,44806,5352,39454,-703724,0.5
1900-01-23 00:05:30,7978.5,530595,7979.0,35848,265235,26452,238783,494747,0.5
1900-01-23 00:05:45,7980.0,872969,7980.5,5674,3712,1201,2511,867295,0.5
1900-01-23 00:06:00,7980.5,1198281,7981.0,11767,137907,1020,136887,1186514,0.5
1900-01-23 00:06:15,7980.5,1535309,7981.0,48272,135911,400,135511,1487037,0.5
1900-01-23 00:06:30,7982.5,918119,7983.0,147851,56742,1620,55122,770268,0.5
1900-01-23 00:06:45,7983.0,1253886,7983.5,18187,38191,21,38170,1235699,0.5
1900-01-23 00:07:00,7984.0,219336,7984.5,690605,25199,10556,14643,-471269,0.5
1900-01-23 00:07:15,7980.5,55896,7981.0,90069,20911,187285,-166374,-34173,0.5
1900-01-23 00:07:30,7974.0,57563,7974.5,245514,20148,282747,-262599,-187951,0.5
1900-01-23 00:07:45,7974.5,563064,7975.0,4239,67845,110005,-42160,558825,0.5
1900-01-23 00:08:00,7974.5,1856779,7975.0,40312,11863,2021,9842,1816467,0.5
1900-01-23 00:08:15,7974.5,1682618,7975.0,16795,31700,4832,26868,1665823,0.5
1900-01-23 00:08:30,7977.0,114861,7977.5,695103,6274,2050,4224,-580242,0.5
1900-01-23 00:08:45,7971.0,56910,7971.5,489406,11828,163068,-151240,-432496,0.5
1900-01-23 00:09:00,7968.0,227340,7968.5,708698,9014,240010,-230996,-481358,0.5
1900-01-23 00:09:15,7968.0,819114,7968.5,297603,75014,152529,-77515,521511,0.5
1900-01-23 00:09:30,7968.0,950172,7968.5,496772,4801,2120,2681,453400,0.5
1900-01-23 00:09:45,7975.5,36229,7976.0,1008105,44208,11166,33042,-971876,0.5
1900-01-23 00:10:00,7975.5,78303,7976.0,1061282,6505,42001,-35496,-982979,0.5
1900-01-23 00:10:15,7974.0,31767,7974.5,1314470,2562,18446,-15884,-1282703,0.5
1900-01-23 00:10:30,7970.5,566,7971.0,1012700,560,34766,-34206,-1012134,0.5
1900-01-23 00:10:45,7970.0,34623,7970.5,1270809,560,20308,-19748,-1236186,0.5
1900-01-23 00:11:00,7969.0,22739,7969.5,1261875,101,17898,-17797,-1239136,0.5
1900-01-23 00:11:15,7968.0,108283,7968.5,1045038,1,22669,-22668,-936755,0.5
1900-01-23 00:11:30,7968.0,842366,7968.5,468887,3000,26831,-23831,373479,0.5
1900-01-23 00:11:45,7967.0,71620,7967.5,1395011,19862,31165,-11303,-1323391,0.5
1900-01-23 00:12:00,7964.5,611863,7965.0,387263,26810,118944,-92134,224600,0.5
1900-01-23 00:12:15,7964.5,551875,7965.0,580442,17153,25676,-8523,-28567,0.5
1900-01-23 00:12:30,7964.5,832214,7965.0,227744,40939,100,40839,604470,0.5
1900-01-23 00:12:45,7969.0,335908,7969.5,685752,82695,1550,81145,-349844,0.5
1900-01-23 00:13:00,7969.0,912661,7969.5,343276,55273,2791,52482,569385,0.5
1900-01-23 00:13:15,7969.0,190438,7969.5,1282133,30400,30442,-42,-1091695,0.5
1900-01-23 00:13:30,7969.0,1113642,7969.5,336485,8903,4900,4003,777157,0.5
1900-01-23 00:13:45,7969.0,692928,7969.5,1367717,1434,9791,-8357,-674789,0.5
1900-01-23 00:14:00,7969.5,786720,7970.0,21275,86645,1633,85012,765445,0.5
1900-01-23 00:14:15,7973.5,1044794,7974.0,1091,76728,1633,75095,1043703,0.5
1900-01-23 00:14:30,7974.0,510584,7974.5,878985,126151,1633,124518,-368401,0.5
1900-01-23 00:14:45,7973.0,8735,7973.5,217820,8251,36889,-28638,-209085,0.5
1900-01-23 00:15:00,7972.5,811249,7973.0,259398,5144,11266,-6122,551851,0.5
1900-01-23 00:15:15,7972.5,319195,7973.0,1073592,8604,5347,3257,-754397,0.5
1900-01-23 00:15:30,7972.5,818539,7973.0,544352,1674,16000,-14326,274187,0.5
1900-01-23 00:15:45,7972.5,924504,7973.0,563982,13192,1306,11886,360522,0.5
1900-01-23 00:16:00,7972.5,1099801,7973.0,299505,5315,2507,2808,800296,0.5
1900-01-23 00:16:15,7972.5,1124872,7973.0,216092,21331,100,21231,908780,0.5
1900-01-23 00:16:30,7972.5,1299848,7973.0,103266,99710,8,99702,1196582,0.5
1900-01-23 00:16:45,7972.5,517909,7973.0,565592,11399,6702,4697,-47683,0.5
1900-01-23 00:17:00,7972.5,963484,7973.0,221371,11399,1000,10399,742113,0.5
1900-01-23 00:17:15,7977.5,656957,7978.0,590967,62482,1000,61482,65990,0.5
1900-01-23 00:17:30,7977.5,635272,7978.0,551956,82158,1250,80908,83316,0.5
1900-01-23 00:17:45,7976.5,3456,7977.0,889837,75597,116238,-40641,-886381,0.5
1900-01-23 00:18:00,7976.5,283972,7977.0,1041,4013,40967,-36954,282931,0.5
1900-01-23 00:18:15,7977.0,1145239,7977.5,17027,105865,1000,104865,1128212,0.5
1900-01-23 00:18:30,7979.0,1252064,7979.5,62856,199306,26,199280,1189208,0.5
1900-01-23 00:18:45,7979.5,1129662,7980.0,273502,132711,125,132586,856160,0.5
1900-01-23 00:19:00,7979.5,940704,7980.0,266490,42605,2330,40275,674214,0.5
1900-01-23 00:19:15,7979.5,948928,7980.0,405668,55250,3700,51550,543260,0.5
1900-01-23 00:19:30,7979.5,875164,7980.0,393681,7447,116,7331,481483,0.5
1900-01-23 00:19:45,7979.5,1174401,7980.0,324574,61679,2703,58976,849827,0.5
1900-01-23 00:20:00,7979.5,1047517,7980.0,389594,7041,2703,4338,657923,0.5
1900-01-23 00:20:15,7978.0,74211,7978.5,764358,17958,59875,-41917,-690147,0.5
1900-01-23 00:20:30,7978.0,415546,7978.5,345393,7,49594,-49587,70153,0.5
1900-01-23 00:20:45,7978.0,562190,7978.5,412784,17415,8354,9061,149406,0.5
1900-01-23 00:21:00,7978.0,516375,7978.5,436045,5,1120,-1115,80330,0.5
1900-01-23 00:21:15,7978.0,478120,7978.5,382300,1,585,-584,95820,0.5
1900-01-23 00:21:30,7978.0,419325,7978.5,489383,1,10085,-10084,-70058,0.5
1900-01-23 00:21:45,7978.0,885093,7978.5,81882,84827,2,84825,803211,0.5
1900-01-23 00:22:00,7978.0,753399,7978.5,306604,20948,43,20905,446795,0.5
1900-01-23 00:22:15,7978.0,1041402,7978.5,45172,35795,141,35654,996230,0.5
1900-01-23 00:22:30,7979.5,578116,7980.0,749107,7744,4148,3596,-170991,0.5
1900-01-23 00:22:45,7979.5,802406,7980.0,153625,2500,110,2390,648781,0.5
1900-01-23 00:23:00,7979.5,173656,7980.0,1284807,4021,40030,-36009,-1111151,0.5
1900-01-23 00:23:15,7979.5,52884,7980.0,1414204,4021,23297,-19276,-1361320,0.5
1900-01-23 00:23:30,7979.5,133027,7980.0,1107467,1000,16226,-15226,-974440,0.5
1900-01-23 00:23:45,7979.5,29915,7980.0,1399221,4641,8225,-3584,-1369306,0.5
1900-01-23 00:24:00,7979.0,24074,7979.5,970084,7101,5438,1663,-946010,0.5
1900-01-23 00:24:15,7979.0,146239,7979.5,860552,1305,1488,-183,-714313,0.5
1900-01-23 00:24:30,7978.5,33744,7979.0,1470667,3011,41814,-38803,-1436923,0.5
1900-01-23 00:24:45,7978.5,28545,7979.0,1204124,230,351,-121,-1175579,0.5
1900-01-23 00:25:00,7978.5,31764,7979.0,1160235,26180,3032,23148,-1128471,0.5
1900-01-23 00:25:15,7978.0,319770,7978.5,1160125,1000,15964,-14964,-840355,0.5
1900-01-23 00:25:30,7978.0,319091,7978.5,1141481,1,2901,-2900,-822390,0.5
1900-01-23 00:25:45,7978.0,605247,7978.5,624953,35577,34029,1548,-19706,0.5
1900-01-23 00:26:00,7979.5,812070,7980.0,358607,84970,13,84957,453463,0.5
1900-01-23 00:26:15,7981.0,676754,7981.5,17955,24827,13,24814,658799,0.5
1900-01-23 00:26:30,7984.5,664526,7985.0,16912,68767,1000,67767,647614,0.5
1900-01-23 00:26:45,7984.5,664970,7985.0,282365,101047,12962,88085,382605,0.5
1900-01-23 00:27:00,7985.5,1393373,7986.0,53370,51495,2,51493,1340003,0.5
1900-01-23 00:27:15,7986.0,1459737,7986.5,25316,23593,1687,21906,1434421,0.5
1900-01-23 00:27:30,7987.5,1307952,7988.0,108978,157468,2000,155468,1198974,0.5
1900-01-23 00:27:45,7987.5,1226411,7988.0,110178,227210,7000,220210,1116233,0.5
1900-01-23 00:28:00,7987.5,1780769,7988.0,173640,160735,2200,158535,1607129,0.5
1900-01-23 00:28:15,7987.5,1505654,7988.0,411501,44050,8135,35915,1094153,0.5
1900-01-23 00:28:30,7982.0,987171,7982.5,451201,1740,101019,-99279,535970,0.5
1900-01-23 00:28:45,7982.0,654796,7982.5,2441832,43240,2982,40258,-1787036,0.5
1900-01-23 00:29:00,7982.0,1237627,7982.5,134777,4982,12111,-7129,1102850,0.5
1900-01-23 00:29:15,7982.0,1845563,7982.5,129278,72016,2300,69716,1716285,0.5
1900-01-23 00:29:30,7982.0,2159094,7982.5,18148,18602,1000,17602,2140946,0.5
1900-01-23 00:29:45,7982.0,1807476,7982.5,25657,10500,1000,9500,1781819,0.5
1900-01-23 00:30:00,7982.0,894699,7982.5,310373,6955,4524,2431,584326,0.5
1900-01-23 00:30:15,7984.0,466567,7984.5,619467,37572,618,36954,-152900,0.5
1900-01-23 00:30:30,7984.0,536787,7984.5,700061,11260,618,10642,-163274,0.5
1900-01-23 00:30:45,7984.5,582289,7985.0,182686,86447,4000,82447,399603,0.5
1900-01-23 00:31:00,7987.0,1080210,7987.5,23825,125968,202,125766,1056385,0.5
1900-01-23 00:31:15,7987.0,53624,7987.5,806667,13893,46534,-32641,-753043,0.5
1900-01-23 00:31:30,7987.5,582493,7988.0,152489,54485,4036,50449,430004,0.5
1900-01-23 00:31:45,7987.5,887075,7988.0,164198,10669,2011,8658,722877,0.5
1900-01-23 00:32:00,7987.5,1336823,7988.0,4586,100075,2011,98064,1332237,0.5
1900-01-23 00:32:15,7989.0,820138,7989.5,32882,18744,501,18243,787256,0.5
1900-01-23 00:32:30,7994.5,588167,7995.0,355354,320910,66330,254580,232813,0.5
1900-01-23 00:32:45,7995.0,1036216,7995.5,5426,157465,15959,141506,1030790,0.5
1900-01-23 00:33:00,7996.5,298048,7997.0,596256,212570,13525,199045,-298208,0.5
1900-01-23 00:33:15,7996.5,1539297,7997.0,402220,29234,11749,17485,1137077,0.5
1900-01-23 00:33:30,7999.0,1386491,7999.5,7743,254701,5600,249101,1378748,0.5
1900-01-23 00:33:45,8000.0,262495,8000.5,693975,74564,116800,-42236,-431480,0.5
1900-01-23 00:34:00,8000.0,386430,8000.5,680608,75869,103146,-27277,-294178,0.5
1900-01-23 00:34:15,8000.0,2083473,8000.5,527108,278293,33252,245041,1556365,0.5
1900-01-23 00:34:30,8009.5,479973,8010.0,339809,482434,8256,474178,140164,0.5
1900-01-23 00:34:45,8005.5,1403897,8006.0,167272,80504,50426,30078,1236625,0.5
1900-01-23 00:35:00,8014.5,493694,8015.0,114973,251183,9940,241243,378721,0.5
1900-01-23 00:35:15,8014.5,689726,8015.0,165457,71489,10051,61438,524269,0.5
1900-01-23 00:35:30,8016.5,526445,8017.0,252479,103106,12289,90817,273966,0.5
1900-01-23 00:35:45,8014.5,367259,8015.0,1166,64469,137957,-73488,366093,0.5
1900-01-23 00:36:00,8014.5,1141806,8015.0,149651,14457,116476,-102019,992155,0.5
1900-01-23 00:36:15,8009.5,232691,8010.0,569045,9370,156465,-147095,-336354,0.5
1900-01-23 00:36:30,8010.5,1807,8011.0,557700,39610,27427,12183,-555893,0.5
1900-01-23 00:36:45,8005.0,1505962,8005.5,111904,30195,82736,-52541,1394058,0.5
1900-01-23 00:37:00,8005.0,1643651,8005.5,148815,4449,6853,-2404,1494836,0.5
1900-01-23 00:37:15,8008.0,1269718,8008.5,11,23789,206896,-183107,1269707,0.5
1900-01-23 00:37:30,8010.0,675989,8010.5,269007,21437,15797,5640,406982,0.5
1900-01-23 00:37:45,8010.5,720579,8011.0,266628,12394,40314,-27920,453951,0.5
1900-01-23 00:38:00,8001.0,1122058,8001.5,634278,31397,25483,5914,487780,0.5
1900-01-23 00:38:15,8001.0,1153007,8001.5,139184,71563,20097,51466,1013823,0.5
1900-01-23 00:38:30,8005.5,772560,8006.0,106317,62753,81,62672,666243,0.5
1900-01-23 00:38:45,8009.0,809405,8009.5,317873,36954,30760,6194,491532,0.5
1900-01-23 00:39:00,8009.0,714829,8009.5,331074,14026,9674,4352,383755,0.5
1900-01-23 00:39:15,8002.5,2051,8003.0,941400,1372,204074,-202702,-939349,0.5
1900-01-23 00:39:30,7998.5,1284581,7999.0,121077,81806,43298,38508,1163504,0.5
1900-01-23 00:39:45,7999.5,354215,8000.0,766249,37288,17154,20134,-412034,0.5
1900-01-23 00:40:00,7999.5,279004,8000.0,787788,5339,128534,-123195,-508784,0.5
1900-01-23 00:40:15,7999.5,190216,8000.0,865243,1610,70961,-69351,-675027,0.5
1900-01-23 00:40:30,7997.0,170842,7997.5,999287,3136,113096,-109960,-828445,0.5
1900-01-23 00:40:45,7996.0,7574,7996.5,1393205,396,40249,-39853,-1385631,0.5
1900-01-23 00:41:00,7995.0,5449995,7995.5,515942,19125,35187,-16062,4934053,0.5
1900-01-23 00:41:15,7995.5,858750,7996.0,1872,124015,31101,92914,856878,0.5
1900-01-23 00:41:30,7999.5,6015770,8000.0,37259,105544,301,105243,5978511,0.5
1900-01-23 00:41:45,8001.0,1079292,8001.5,55823,62272,10008,52264,1023469,0.5
1900-01-23 00:42:00,8001.0,1038525,8001.5,46178,37479,7500,29979,992347,0.5
1900-01-23 00:42:15,8002.0,147752,8002.5,1035456,2203,27130,-24927,-887704,0.5
1900-01-23 00:42:30,7999.0,788,7999.5,1156419,22,52527,-52505,-1155631,0.5
1900-01-23 00:42:45,7996.0,847898,7996.5,333509,5480,2606,2874,514389,0.5
1900-01-23 00:43:00,7996.0,921175,7996.5,462124,3929,36200,-32271,459051,0.5
1900-01-23 00:43:15,7998.5,775041,7999.0,1805,21483,200,21283,773236,0.5
1900-01-23 00:43:30,7998.5,845285,7999.0,217060,156452,110,156342,628225,0.5
1900-01-23 00:43:45,8002.0,1211859,8002.5,28797,14534,1157,13377,1183062,0.5
1900-01-23 00:44:00,8006.0,513689,8006.5,518189,114650,3249,111401,-4500,0.5
1900-01-23 00:44:15,8006.0,540573,8006.5,731216,12707,13497,-790,-190643,0.5
1900-01-23 00:44:30,8000.0,121379,8000.5,687847,710,31391,-30681,-566468,0.5
1900-01-23 00:44:45,8000.0,2589366,8000.5,16692,21214,9125,12089,2572674,0.5
1900-01-23 00:45:00,8007.0,499780,8007.5,2179,20302,391,19911,497601,0.5
1900-01-23 00:45:15,8007.0,273970,8007.5,470139,206393,2919,203474,-196169,0.5
1900-01-23 00:45:30,8007.0,183590,8007.5,489713,11685,22766,-11081,-306123,0.5
1900-01-23 00:45:45,8007.0,405079,8007.5,759760,12703,74006,-61303,-354681,0.5
1900-01-23 00:46:00,8007.0,113384,8007.5,865697,3300,36611,-33311,-752313,0.5
1900-01-23 00:46:15,8007.0,666753,8007.5,502889,3797,109982,-106185,163864,0.5
1900-01-23 00:46:30,8009.5,1412760,8010.0,35879,65451,40500,24951,1376881,0.5
1900-01-23 00:46:45,8010.0,1035035,8010.5,87508,36196,53406,-17210,947527,0.5
1900-01-23 00:47:00,8010.0,277654,8010.5,562179,25016,30014,-4998,-284525,0.5
1900-01-23 00:47:15,8016.5,144463,8017.0,285247,197273,16363,180910,-140784,0.5
1900-01-23 00:47:30,8020.0,292775,8020.5,729093,209891,11620,198271,-436318,0.5
1900-01-23 00:47:45,8021.5,340669,8022.0,212893,132930,90306,42624,127776,0.5
1900-01-23 00:48:00,8024.5,703746,8025.0,163989,366864,4841,362023,539757,0.5
1900-01-23 00:48:15,8007.0,42850,8007.5,105449,63882,533441,-469559,-62599,0.5
1900-01-23 00:48:30,8026.5,25005,8027.0,303,61708,55432,6276,24702,0.5
1900-01-23 00:48:45,8018.5,843977,8019.0,190622,137980,68043,69937,653355,0.5
1900-01-23 00:49:00,8016.5,314867,8017.0,163751,44500,148714,-104214,151116,0.5
1900-01-23 00:49:15,8020.5,1081592,8021.0,40027,14934,38603,-23669,1041565,0.5
1900-01-23 00:49:30,8016.5,195181,8017.0,563710,9518,94634,-85116,-368529,0.5
1900-01-23 00:49:45,8016.5,2354745,8017.0,136,21627,46747,-25120,2354609,0.5
1900-01-23 00:50:00,8020.0,1401646,8020.5,1560,99766,628,99138,1400086,0.5
1900-01-23 00:50:15,8022.5,1228212,8023.0,3109,35296,46080,-10784,1225103,0.5
1900-01-23 00:50:30,8022.5,979247,8023.0,262620,11934,5432,6502,716627,0.5
1900-01-23 00:50:45,8025.0,557222,8025.5,190549,16946,25445,-8499,366673,0.5
1900-01-23 00:51:00,8020.0,1474629,8020.5,13612,188126,54351,133775,1461017,0.5
1900-01-23 00:51:15,8025.5,1241118,8026.0,4598,61722,38549,23173,1236520,0.5
1900-01-23 00:51:30,8026.5,521867,8027.0,153171,41705,51601,-9896,368696,0.5
1900-01-23 00:51:45,8026.5,726035,8027.0,37637,16443,14229,2214,688398,0.5
1900-01-23 00:52:00,8028.5,1677683,8029.0,124286,85867,23870,61997,1553397,0.5
1900-01-23 00:52:15,8028.5,1732078,8029.0,130712,43324,44017,-693,1601366,0.5
1900-01-23 00:52:30,8028.5,822434,8029.0,960025,13560,7911,5649,-137591,0.5
1900-01-23 00:52:45,8024.0,180644,8024.5,667786,26766,152473,-125707,-487142,0.5
1900-01-23 00:53:00,8018.0,1000,8018.5,472823,773,48980,-48207,-471823,0.5
1900-01-23 00:53:15,8016.5,1449925,8017.0,23252,75187,49240,25947,1426673,0.5
1900-01-23 00:53:30,8017.5,1335875,8018.0,42971,70356,14200,56156,1292904,0.5
1900-01-23 00:53:45,8018.5,1278072,8019.0,23229,28477,16300,12177,1254843,0.5
1900-01-23 00:54:00,8019.5,1630066,8020.0,284603,26720,47600,-20880,1345463,0.5
1900-01-23 00:54:15,8019.5,1062053,8020.0,255448,62136,48076,14060,806605,0.5
1900-01-23 00:54:30,8019.5,311163,8020.0,927592,20001,57328,-37327,-616429,0.5
1900-01-23 00:54:45,8014.0,1053437,8014.5,298790,876,46061,-45185,754647,0.5
1900-01-23 00:55:00,8014.0,2472633,8014.5,131222,97750,107702,-9952,2341411,0.5
1900-01-23 00:55:15,8016.0,831888,8016.5,156370,11678,39320,-27642,675518,0.5
1900-01-23 00:55:30,8016.0,1377415,8016.5,57547,20958,5,20953,1319868,0.5
1900-01-23 00:55:45,8019.5,700520,8020.0,327593,16331,13471,2860,372927,0.5
1900-01-23 00:56:00,8019.5,338188,8020.0,926349,9033,350,8683,-588161,0.5
1900-01-23 00:56:15,8019.5,2109178,8020.0,45537,45846,30055,15791,2063641,0.5
1900-01-23 00:56:30,8020.0,707082,8020.5,476058,3024,696,2328,231024,0.5
1900-01-23 00:56:45,8020.0,1188468,8020.5,166978,27994,751,27243,1021490,0.5
1900-01-23 00:57:00,8020.0,333020,8020.5,824455,5751,21184,-15433,-491435,0.5
1900-01-23 00:57:15,8018.5,50,8019.0,730773,5751,44604,-38853,-730723,0.5
1900-01-23 00:57:30,8018.0,2103,8018.5,1026350,120,39829,-39709,-1024247,0.5
1900-01-23 00:57:45,8017.5,1636291,8018.0,387619,2188,12959,-10771,1248672,0.5
1900-01-23 00:58:00,8019.0,1073981,8019.5,294944,5398,4100,1298,779037,0.5
1900-01-23 00:58:15,8019.0,1279223,8019.5,176188,125518,15364,110154,1103035,0.5
1900-01-23 00:58:30,8027.0,304706,8027.5,463119,56358,21887,34471,-158413,0.5
1900-01-23 00:58:45,8027.0,596133,8027.5,315921,27036,24483,2553,280212,0.5
1900-01-23 00:59:00,8027.0,1644860,8027.5,205210,96132,16027,80105,1439650,0.5
1900-01-23 00:59:15,8027.0,1911756,8027.5,112015,32208,90704,-58496,1799741,0.5
1900-01-23 00:59:30,8027.0,1617812,8027.5,144060,68509,3000,65509,1473752,0.5
1900-01-23 00:59:45,8027.5,1497309,8028.0,56617,58588,15005,43583,1440692,0.5
1900-01-23 01:00:00,8027.5,1153338,8028.0,31338,52968,1,52967,1122000,0.5
1900-01-23 01:00:15,8027.5,1222614,8028.0,1451442,214324,70316,144008,-228828,0.5
1900-01-23 01:00:30,8027.5,1701847,8028.0,1258253,163100,22460,140640,443594,0.5
1900-01-23 01:00:45,8027.5,2406846,8028.0,897005,416274,15116,401158,1509841,0.5
1900-01-23 01:01:00,8028.5,968503,8029.0,154041,273921,11242,262679,814462,0.5
1900-01-23 01:01:15,8033.0,57069,8033.5,20022,208223,7919,200304,37047,0.5
1900-01-23 01:01:30,8030.0,76628,8030.5,714668,111932,76700,35232,-638040,0.5
1900-01-23 01:01:45,8030.0,1120641,8030.5,766371,138467,100632,37835,354270,0.5
1900-01-23 01:02:00,8030.0,1872900,8030.5,190231,565918,28335,537583,1682669,0.5
1900-01-23 01:02:15,8032.5,823396,8033.0,420109,173338,12454,160884,403287,0.5
1900-01-23 01:02:30,8032.5,674445,8033.0,551199,12753,32127,-19374,123246,0.5
1900-01-23 01:02:45,8032.5,101038,8033.0,574016,13641,15908,-2267,-472978,0.5
1900-01-23 01:03:00,8024.5,5814,8025.0,1028064,46311,82907,-36596,-1022250,0.5
1900-01-23 01:03:15,8018.5,1045238,8019.0,325251,8456,190785,-182329,719987,0.5
1900-01-23 01:03:30,8021.0,844767,8021.5,61903,25850,28680,-2830,782864,0.5
1900-01-23 01:03:45,8021.0,117701,8021.5,873337,17702,41840,-24138,-755636,0.5
1900-01-23 01:04:00,8017.5,10369,8018.0,573067,13226,558188,-544962,-562698,0.5
1900-01-23 01:04:15,8012.0,179422,8012.5,15050,9909,238294,-228385,164372,0.5
1900-01-23 01:04:30,8013.5,302432,8014.0,659683,21207,8069,13138,-357251,0.5
1900-01-23 01:04:45,8013.5,907359,8014.0,248906,11848,8958,2890,658453,0.5
1900-01-23 01:05:00,8012.0,349182,8012.5,851802,18180,30092,-11912,-502620,0.5
1900-01-23 01:05:15,8010.5,1122922,8011.0,490301,239,64828,-64589,632621,0.5
1900-01-23 01:05:30,8010.5,1187656,8011.0,164063,38177,96334,-58157,1023593,0.5
1900-01-23 01:05:45,8014.0,1377574,8014.5,8346,57885,4126,53759,1369228,0.5
1900-01-23 01:06:00,8014.5,2084,8015.0,947076,17385,480,16905,-944992,0.5
1900-01-23 01:06:15,8007.5,429999,8008.0,860307,22010,113091,-91081,-430308,0.5
1900-01-23 01:06:30,8007.5,371514,8008.0,758736,3295,308927,-305632,-387222,0.5
1900-01-23 01:06:45,8007.5,1357040,8008.0,775113,20601,15783,4818,581927,0.5
1900-01-23 01:07:00,8007.5,1859170,8008.0,214840,50179,100086,-49907,1644330,0.5
1900-01-23 01:07:15,8007.5,2138821,8008.0,51817,43983,400,43583,2087004,0.5
1900-01-23 01:07:30,8012.0,831562,8012.5,464740,26638,150,26488,366822,0.5
1900-01-23 01:07:45,8012.0,1921068,8012.5,238594,63854,6363,57491,1682474,0.5
1900-01-23 01:08:00,8012.0,41073,8012.5,1137823,2093,3179,-1086,-1096750,0.5
1900-01-23 01:08:15,8008.5,1061374,8009.0,375331,10502,14099,-3597,686043,0.5
1900-01-23 01:08:30,8008.5,610105,8009.0,363829,10986,58634,-47648,246276,0.5
1900-01-23 01:08:45,8008.0,75483,8008.5,898597,123527,81796,41731,-823114,0.5
1900-01-23 01:09:00,8008.0,317833,8008.5,614784,3060,34047,-30987,-296951,0.5
1900-01-23 01:09:15,8008.0,978807,8008.5,196393,38976,44421,-5445,782414,0.5
1900-01-23 01:09:30,8008.0,1916791,8008.5,97779,1684,10210,-8526,1819012,0.5
1900-01-23 01:09:45,8008.0,1854929,8008.5,311651,9674,18152,-8478,1543278,0.5
1900-01-23 01:10:00,8008.0,2175538,8008.5,51079,18204,556,17648,2124459,0.5
1900-01-23 01:10:15,8008.5,1260149,8009.0,9727,6862,2011,4851,1250422,0.5
1900-01-23 01:10:30,8009.5,1478874,8010.0,8000,57401,1020,56381,1470874,0.5
1900-01-23 01:10:45,8011.5,1640235,8012.0,47054,15473,8,15465,1593181,0.5
1900-01-23 01:11:00,8011.5,1134588,8012.0,123225,35956,14316,21640,1011363,0.5
1900-01-23 01:11:15,8011.5,961388,8012.0,287779,1321,15098,-13777,673609,0.5
1900-01-23 01:11:30,8011.5,86063,8012.0,1033347,2250,33700,-31450,-947284,0.5
1900-01-23 01:11:45,8010.0,1162770,8010.5,1631537,7000,295932,-288932,-468767,0.5
1900-01-23 01:12:00,8010.0,1245176,8010.5,1708458,1600,55065,-53465,-463282,0.5
1900-01-23 01:12:15,8010.0,1537634,8010.5,490760,6158,149463,-143305,1046874,0.5
1900-01-23 01:12:30,8010.0,2131456,8010.5,1144116,18461,111,18350,987340,0.5
1900-01-23 01:12:45,8010.0,3101720,8010.5,19106,100397,100,100297,3082614,0.5
1900-01-23 01:13:00,8015.0,1568245,8015.5,232845,11247,13050,-1803,1335400,0.5
1900-01-23 01:13:15,8015.0,1881670,8015.5,575846,3732,30621,-26889,1305824,0.5
1900-01-23 01:13:30,8015.0,2948819,8015.5,502962,23332,250,23082,2445857,0.5
1900-01-23 01:13:45,8015.5,108973,8016.0,1266214,41400,15200,26200,-1157241,0.5
1900-01-23 01:14:00,8015.5,187023,8016.0,1549819,1009,351368,-350359,-1362796,0.5
1900-01-23 01:14:15,8015.5,309407,8016.0,1332929,85075,104500,-19425,-1023522,0.5
1900-01-23 01:14:30,8015.5,205106,8016.0,1356271,1081,5102,-4021,-1151165,0.5
1900-01-23 01:14:45,8015.5,1985681,8016.0,153197,3638,35819,-32181,1832484,0.5
1900-01-23 01:15:00,8017.0,1742042,8017.5,433,126158,10000,116158,1741609,0.5
1900-01-23 01:15:15,8018.0,1290338,8018.5,217860,50466,12185,38281,1072478,0.5
1900-01-23 01:15:30,8018.0,142388,8018.5,993129,1195,30000,-28805,-850741,0.5
1900-01-23 01:15:45,8016.0,3643,8017.0,554129,5214,65508,-60294,-550486,1.0
1900-01-23 01:16:00,8012.5,35455,8013.0,1051588,615,55790,-55175,-1016133,0.5
1900-01-23 01:16:15,8012.5,849884,8013.0,756925,615,59763,-59148,92959,0.5
1900-01-23 01:16:30,8012.5,464371,8013.0,877793,8141,16331,-8190,-413422,0.5
1900-01-23 01:16:45,8012.5,488574,8013.0,912740,1000,81867,-80867,-424166,0.5
1900-01-23 01:17:00,8012.5,251100,8013.0,1061039,60,34018,-33958,-809939,0.5
1900-01-23 01:17:15,8012.5,257082,8013.0,1099093,25022,14022,11000,-842011,0.5
1900-01-23 01:17:30,8007.5,39690,8008.0,549618,3,165678,-165675,-509928,0.5
1900-01-23 01:17:45,8004.5,8649,8005.0,260486,5334,367808,-362474,-251837,0.5
1900-01-23 01:18:00,8004.0,342362,8004.5,795477,2890,85259,-82369,-453115,0.5
1900-01-23 01:18:15,8004.0,1269780,8004.5,749935,24689,51874,-27185,519845,0.5
1900-01-23 01:18:30,8004.0,67831,8004.5,1061740,9021,5465,3556,-993909,0.5
1900-01-23 01:18:45,8004.5,283807,8005.0,685229,38393,14716,23677,-401422,0.5
1900-01-23 01:19:00,8004.0,112736,8004.5,529682,14000,13764,236,-416946,0.5
1900-01-23 01:19:15,8000.0,162456,8003.0,1185869,6201,25972,-19771,-1023413,3.0
1900-01-23 01:19:30,7999.5,720392,8000.0,419155,40100,77214,-37114,301237,0.5
1900-01-23 01:19:45,7999.5,1886212,8000.0,513986,2110,1046,1064,1372226,0.5
1900-01-23 01:20:00,7999.5,1993372,8000.0,723623,34063,372,33691,1269749,0.5
1900-01-23 01:20:15,7999.5,2079312,8000.0,671474,10030,11000,-970,1407838,0.5
1900-01-23 01:20:30,7999.5,2059440,8000.0,751748,14020,28510,-14490,1307692,0.5
1900-01-23 01:20:45,7999.5,1987851,8000.0,781851,15258,1020,14238,1206000,0.5
1900-01-23 01:21:00,7999.5,2070673,8000.0,728038,19534,4000,15534,1342635,0.5
1900-01-23 01:21:15,7999.5,2038208,8000.0,707270,30070,41460,-11390,1330938,0.5
1900-01-23 01:21:30,7999.5,702120,8000.0,834169,12287,8600,3687,-132049,0.5
1900-01-23 01:21:45,7999.5,725120,8000.0,822587,39700,36669,3031,-97467,0.5
1900-01-23 01:22:00,7999.5,716013,8000.0,901983,100,17100,-17000,-185970,0.5
1900-01-23 01:22:15,7999.5,783527,8000.0,822731,9050,28744,-19694,-39204,0.5
1900-01-23 01:22:30,7999.5,191057,8000.0,1398240,9050,7932,1118,-1207183,0.5
1900-01-23 01:22:45,7984.5,1131526,7985.0,692956,27567,1107114,-1079547,438570,0.5
1900-01-23 01:23:00,7984.5,1340235,7985.0,471142,72880,343746,-270866,869093,0.5
1900-01-23 01:23:15,7986.5,598351,7987.0,69396,178737,5406,173331,528955,0.5
1900-01-23 01:23:30,7986.5,316883,7987.0,619162,3652,727,2925,-302279,0.5
1900-01-23 01:23:45,7983.5,9128,7984.0,1821333,23707,58565,-34858,-1812205,0.5
1900-01-23 01:24:00,7980.0,88107,7980.5,1117201,19399,602144,-582745,-1029094,0.5
1900-01-23 01:24:15,7976.0,491287,7976.5,12000,32571,309973,-277402,479287,0.5
1900-01-23 01:24:30,7979.0,66829,7979.5,83219,236748,77573,159175,-16390,0.5
1900-01-23 01:24:45,7979.0,949513,7979.5,190496,88759,6650,82109,759017,0.5
1900-01-23 01:25:00,7982.5,522120,7983.0,475429,26372,48111,-21739,46691,0.5
1900-01-23 01:25:15,7982.5,1064993,7983.0,717330,85453,5886,79567,347663,0.5
1900-01-23 01:25:30,7980.5,1041389,7981.0,183558,172820,223153,-50333,857831,0.5
1900-01-23 01:25:45,7983.5,1000112,7984.0,915202,462432,12352,450080,84910,0.5
1900-01-23 01:26:00,7983.5,2419668,7984.0,490579,357031,16204,340827,1929089,0.5
1900-01-23 01:26:15,7983.5,1849078,7984.0,359615,168349,5000,163349,1489463,0.5
1900-01-23 01:26:30,7984.0,1436958,7984.5,1397693,89550,10149,79401,39265,0.5
1900-01-23 01:26:45,7984.0,1529789,7984.5,1301871,102039,101,101938,227918,0.5
1900-01-23 01:27:00,7984.0,2646711,7984.5,722323,576771,1150,575621,1924388,0.5
1900-01-23 01:27:15,7984.0,2662570,7984.5,550231,167078,56,167022,2112339,0.5
1900-01-23 01:27:30,7990.0,1602800,7990.5,102038,41319,3100,38219,1500762,0.5
1900-01-23 01:27:45,7996.5,398866,7997.0,666310,153015,28955,124060,-267444,0.5
1900-01-23 01:28:00,7996.5,689141,7997.0,627570,106591,2396,104195,61571,0.5
1900-01-23 01:28:15,7996.5,1524323,7997.0,30738,88289,6780,81509,1493585,0.5
1900-01-23 01:28:30,7996.5,377623,7997.0,454694,74639,55564,19075,-77071,0.5
1900-01-23 01:28:45,7995.0,8470,7995.5,1019916,502,74164,-73662,-1011446,0.5
1900-01-23 01:29:00,7990.0,1501227,7990.5,180674,2888,49307,-46419,1320553,0.5
1900-01-23 01:29:15,7990.0,2471529,7990.5,30759,85655,205,85450,2440770,0.5
1900-01-23 01:29:30,7990.0,2213091,7990.5,43178,32912,212900,-179988,2169913,0.5
1900-01-23 01:29:45,7990.0,1754691,7990.5,87026,48722,16290,32432,1667665,0.5
1900-01-23 01:30:00,7990.0,232716,7990.5,650468,11983,20370,-8387,-417752,0.5
1900-01-23 01:30:15,7989.5,971715,7990.0,519723,17803,25886,-8083,451992,0.5
1900-01-23 01:30:30,7989.5,2446326,7990.0,10986,17657,21443,-3786,2435340,0.5
1900-01-23 01:30:45,7989.5,1276483,7990.0,649988,18544,771,17773,626495,0.5
1900-01-23 01:31:00,7989.5,1040405,7990.0,97648,10560,28542,-17982,942757,0.5
1900-01-23 01:31:15,7989.5,2105365,7990.0,51550,20633,28542,-7909,2053815,0.5
1900-01-23 01:31:30,7990.0,1656711,7990.5,28126,23029,28542,-5513,1628585,0.5
1900-01-23 01:31:45,7993.5,1203330,7994.0,16063,47600,3625,43975,1187267,0.5
1900-01-23 01:32:00,7995.5,1280671,7996.0,33883,12401,3625,8776,1246788,0.5
1900-01-23 01:32:15,7995.5,1246637,7996.0,40794,5086,203,4883,1205843,0.5
1900-01-23 01:32:30,7995.5,1508310,7996.0,40110,42075,100,41975,1468200,0.5
1900-01-23 01:32:45,7995.5,173576,7996.0,705064,3890,7000,-3110,-531488,0.5
1900-01-23 01:33:00,7995.5,1344824,7996.0,71977,12632,90169,-77537,1272847,0.5
1900-01-23 01:33:15,7996.0,1021939,7996.5,3208,10164,7651,2513,1018731,0.5
1900-01-23 01:33:30,7998.0,1441337,7998.5,66189,10553,751,9802,1375148,0.5
1900-01-23 01:33:45,7998.5,518194,7999.0,203210,39496,1001,38495,314984,0.5
1900-01-23 01:34:00,7998.5,1037002,7999.0,141655,104877,6,104871,895347,0.5
1900-01-23 01:34:15,7998.5,820713,7999.0,56673,19898,15762,4136,764040,0.5
1900-01-23 01:34:30,7999.0,125213,7999.5,743141,93927,519,93408,-617928,0.5
1900-01-23 01:34:45,7999.0,2272329,7999.5,18996,5383,5847,-464,2253333,0.5
1900-01-23 01:35:00,7999.5,836645,8000.0,47018,25329,1513,23816,789627,0.5
1900-01-23 01:35:15,7999.5,429407,8000.0,720288,10408,3602,6806,-290881,0.5
1900-01-23 01:35:30,7999.5,144132,8000.0,1112571,23572,42776,-19204,-968439,0.5
1900-01-23 01:35:45,8000.0,944462,8000.5,33468,11274,10925,349,910994,0.5
1900-01-23 01:36:00,8000.0,1326856,8000.5,85619,23918,1865,22053,1241237,0.5
1900-01-23 01:36:15,8002.0,329590,8002.5,637544,111077,3070,108007,-307954,0.5
1900-01-23 01:36:30,8002.0,229153,8002.5,863713,24890,1193,23697,-634560,0.5
1900-01-23 01:36:45,8002.0,207652,8002.5,1003691,7888,16400,-8512,-796039,0.5
1900-01-23 01:37:00,8002.0,150220,8002.5,928443,27819,23005,4814,-778223,0.5
1900-01-23 01:37:15,8002.0,396530,8002.5,905447,2000,3812,-1812,-508917,0.5
1900-01-23 01:37:30,8002.0,216926,8002.5,974928,10060,104,9956,-758002,0.5
1900-01-23 01:37:45,8002.0,392713,8002.5,762158,10060,3945,6115,-369445,0.5
1900-01-23 01:38:00,8002.0,1487215,8002.5,69613,151586,600,150986,1417602,0.5
1900-01-23 01:38:15,8002.0,1384030,8002.5,228281,17914,1490,16424,1155749,0.5
1900-01-23 01:38:30,8002.0,1797972,8002.5,36195,3575,1,3574,1761777,0.5
1900-01-23 01:38:45,8002.0,55430,8002.5,665689,1,2608,-2607,-610259,0.5
1900-01-23 01:39:00,8002.0,268,8002.5,1140506,60,22316,-22256,-1140238,0.5
1900-01-23 01:39:15,7998.5,99479,7999.0,694042,1,42547,-42546,-594563,0.5
1900-01-23 01:39:30,7998.5,162452,7999.0,1029540,16200,6762,9438,-867088,0.5
1900-01-23 01:39:45,7998.5,17663,7999.0,1432152,779,69896,-69117,-1414489,0.5
1900-01-23 01:40:00,7990.5,1015905,7991.0,336568,2798,28709,-25911,679337,0.5
1900-01-23 01:40:15,7990.5,931535,7991.0,367349,4312,3258,1054,564186,0.5
1900-01-23 01:40:30,7990.5,119004,7991.0,695689,12874,29761,-16887,-576685,0.5
1900-01-23 01:40:45,7990.5,43364,7991.0,900137,4,20423,-20419,-856773,0.5
1900-01-23 01:41:00,7984.5,654671,7985.0,12608,19584,154206,-134622,642063,0.5
1900-01-23 01:41:15,7986.0,1147982,7986.5,384270,8808,3240,5568,763712,0.5
1900-01-23 01:41:30,7986.0,1152074,7986.5,214172,16727,22510,-5783,937902,0.5
1900-01-23 01:41:45,7986.0,1162937,7986.5,510690,497,100,397,652247,0.5
1900-01-23 01:42:00,7982.0,684465,7982.5,1259472,1152,126664,-125512,-575007,0.5
1900-01-23 01:42:15,7982.0,1509688,7982.5,54524,5188,134780,-129592,1455164,0.5
1900-01-23 01:42:30,7983.5,1317892,7984.0,36174,63318,10498,52820,1281718,0.5
1900-01-23 01:42:45,7985.0,1444726,7985.5,28841,4400,10498,-6098,1415885,0.5
1900-01-23 01:43:00,7985.5,59142,7986.0,442498,3091,53017,-49926,-383356,0.5
1900-01-23 01:43:15,7985.0,200121,7985.5,1320150,13921,152455,-138534,-1120029,0.5
1900-01-23 01:43:30,7985.0,44958,7985.5,1427126,100,129546,-129446,-1382168,0.5
1900-01-23 01:43:45,7985.0,301713,7985.5,931944,2001,31738,-29737,-630231,0.5
1900-01-23 01:44:00,7985.0,860711,7985.5,642892,5331,9113,-3782,217819,0.5
1900-01-23 01:44:15,7985.0,384049,7985.5,753728,158,23,135,-369679,0.5
1900-01-23 01:44:30,7985.0,1113530,7985.5,398365,158,7961,-7803,715165,0.5
1900-01-23 01:44:45,7986.0,1462970,7986.5,36027,40049,7327,32722,1426943,0.5
1900-01-23 01:45:00,7986.0,923817,7986.5,28017,25927,10100,15827,895800,0.5
1900-01-23 01:45:15,7986.0,1349445,7986.5,8504,26153,705,25448,1340941,0.5
1900-01-23 01:45:30,7990.5,1208037,7991.0,1092,25102,4000,21102,1206945,0.5
1900-01-23 01:45:45,7991.5,981494,7992.0,483223,119069,643,118426,498271,0.5
1900-01-23 01:46:00,7991.5,474579,7992.0,853065,5605,23970,-18365,-378486,0.5
1900-01-23 01:46:15,7991.5,651998,7992.0,493405,11062,6500,4562,158593,0.5
1900-01-23 01:46:30,7991.5,205692,7992.0,733534,5304,205387,-200083,-527842,0.5
1900-01-23 01:46:45,7990.0,32158,7990.5,585036,2251,48031,-45780,-552878,0.5
1900-01-23 01:47:00,7989.0,7900,7989.5,520782,22836,2164,20672,-512882,0.5
1900-01-23 01:47:15,7990.0,385178,7990.5,499358,68617,3969,64648,-114180,0.5
1900-01-23 01:47:30,7990.0,529600,7990.5,751499,13641,980,12661,-221899,0.5
1900-01-23 01:47:45,7990.0,62319,7990.5,1208408,13641,156646,-143005,-1146089,0.5
1900-01-23 01:48:00,7987.5,2794,7988.0,675595,218,37410,-37192,-672801,0.5
1900-01-23 01:48:15,7986.5,1135,7987.0,902514,10,53067,-53057,-901379,0.5
1900-01-23 01:48:30,7986.0,23001,7986.5,1074848,200,21464,-21264,-1051847,0.5
1900-01-23 01:48:45,7985.0,886863,7985.5,270779,1000,19098,-18098,616084,0.5
1900-01-23 01:49:00,7985.0,1220961,7985.5,417070,3355,2546,809,803891,0.5
1900-01-23 01:49:15,7985.0,1436019,7985.5,243529,5802,2546,3256,1192490,0.5
1900-01-23 01:49:30,7988.5,1495886,7989.0,7749,29451,2235,27216,1488137,0.5
1900-01-23 01:49:45,7990.0,1197275,7990.5,90190,33447,2235,31212,1107085,0.5
1900-01-23 01:50:00,7990.0,1585267,7990.5,31676,59297,8001,51296,1553591,0.5
1900-01-23 01:50:15,7990.5,990212,7991.0,36835,6301,2000,4301,953377,0.5
1900-01-23 01:50:30,7987.5,424643,7988.0,168486,2398,155540,-153142,256157,0.5
1900-01-23 01:50:45,7987.5,136119,7988.0,1531087,9175,317520,-308345,-1394968,0.5
1900-01-23 01:51:00,7982.5,376712,7983.0,627251,2212,178147,-175935,-250539,0.5
1900-01-23 01:51:15,7982.5,421684,7983.0,759787,300,16772,-16472,-338103,0.5
1900-01-23 01:51:30,7975.5,403315,7976.0,1109306,4090,416746,-412656,-705991,0.5
1900-01-23 01:51:45,7975.5,1032198,7976.0,144057,16241,82004,-65763,888141,0.5
1900-01-23 01:52:00,7975.5,730574,7976.0,876458,8643,3,8640,-145884,0.5
1900-01-23 01:52:15,7975.5,57968,7976.0,1451396,11650,104362,-92712,-1393428,0.5
1900-01-23 01:52:30,7972.5,264077,7973.0,857894,1350,129524,-128174,-593817,0.5
1900-01-23 01:52:45,7971.0,436655,7971.5,848766,17039,87042,-70003,-412111,0.5
1900-01-23 01:53:00,7975.5,1106798,7976.0,461,97408,22210,75198,1106337,0.5
1900-01-23 01:53:15,7976.0,112205,7976.5,1800938,21705,66711,-45006,-1688733,0.5
1900-01-23 01:53:30,7975.0,14649,7975.5,1435925,1710,32535,-30825,-1421276,0.5
1900-01-23 01:53:45,7972.5,992009,7973.0,74921,6602,10274,-3672,917088,0.5
1900-01-23 01:54:00,7972.5,954602,7973.0,22459,6666,92001,-85335,932143,0.5
1900-01-23 01:54:15,7972.5,579398,7973.0,540090,3505,124773,-121268,39308,0.5
1900-01-23 01:54:30,7972.0,166758,7972.5,1583857,1667,44012,-42345,-1417099,0.5
1900-01-23 01:54:45,7972.0,736364,7972.5,1015663,450,37150,-36700,-279299,0.5
1900-01-23 01:55:00,7972.0,599787,7972.5,850192,55864,37617,18247,-250405,0.5
1900-01-23 01:55:15,7969.5,99868,7970.0,1042432,33496,112290,-78794,-942564,0.5
1900-01-23 01:55:30,7961.0,105792,7961.5,263232,21348,361979,-340631,-157440,0.5
1900-01-23 01:55:45,7971.0,49494,7971.5,1750981,121887,101141,20746,-1701487,0.5
1900-01-23 01:56:00,7963.5,420828,7964.0,35178,18619,96340,-77721,385650,0.5
1900-01-23 01:56:15,7964.5,80297,7965.0,706477,241683,33795,207888,-626180,0.5
1900-01-23 01:56:30,7964.5,98284,7965.0,985011,14420,31515,-17095,-886727,0.5
1900-01-23 01:56:45,7961.5,5701,7962.0,910005,2844,32797,-29953,-904304,0.5
1900-01-23 01:57:00,7942.5,84706,7945.0,37264,15885,1069624,-1053739,47442,2.5
1900-01-23 01:57:15,7956.0,364508,7956.5,389473,185024,311616,-126592,-24965,0.5
1900-01-23 01:57:30,7955.0,1048215,7955.5,132036,45441,87466,-42025,916179,0.5
1900-01-23 01:57:45,7956.0,246745,7956.5,635726,232839,63944,168895,-388981,0.5
1900-01-23 01:58:00,7952.0,845993,7952.5,555138,180885,97783,83102,290855,0.5
1900-01-23 01:58:15,7952.5,259434,7953.0,1045755,229306,28149,201157,-786321,0.5
1900-01-23 01:58:30,7954.5,937320,7955.0,235315,421322,8175,413147,702005,0.5
1900-01-23 01:58:45,7958.5,43337,7959.0,1515478,100221,24391,75830,-1472141,0.5
1900-01-23 01:59:00,7956.5,1363596,7957.0,137035,155800,43011,112789,1226561,0.5
1900-01-23 01:59:15,7959.5,1687821,7960.0,277218,286712,7680,279032,1410603,0.5
1900-01-23 01:59:30,7957.5,253,7958.0,409281,375390,66785,308605,-409028,0.5
1900-01-23 01:59:45,7956.0,653901,7956.5,1564673,15440,134584,-119144,-910772,0.5
1900-01-23 02:00:00,7948.0,1607,7948.5,203388,11154,79073,-67919,-201781,0.5
1900-01-23 02:00:15,7947.5,346677,7948.0,918285,111610,141778,-30168,-571608,0.5
1900-01-23 02:00:30,7947.5,123035,7948.0,1377021,29864,158831,-128967,-1253986,0.5
1900-01-23 02:00:45,7945.5,86980,7946.0,1299588,19831,175594,-155763,-1212608,0.5
1900-01-23 02:01:00,7954.0,134352,7954.5,1436771,219384,105671,113713,-1302419,0.5
1900-01-23 02:01:15,7950.5,65604,7951.0,426382,149019,93965,55054,-360778,0.5
1900-01-23 02:01:30,7952.0,607528,7952.5,435224,55363,14266,41097,172304,0.5
1900-01-23 02:01:45,7955.5,663273,7956.0,11965,265489,22855,242634,651308,0.5
1900-01-23 02:02:00,7959.0,558377,7959.5,82763,300039,17680,282359,475614,0.5
1900-01-23 02:02:15,7962.0,865679,7962.5,98653,311958,1997,309961,767026,0.5
1900-01-23 02:02:30,7963.5,1356904,7964.0,40177,173970,27379,146591,1316727,0.5
1900-01-23 02:02:45,7964.5,1064300,7965.0,181895,272848,9288,263560,882405,0.5
1900-01-23 02:03:00,7964.5,185408,7965.0,1233712,101355,40945,60410,-1048304,0.5
1900-01-23 02:03:15,7964.0,69864,7964.5,1025146,49731,96002,-46271,-955282,0.5
1900-01-23 02:03:30,7965.5,941620,7966.0,693845,643583,2600,640983,247775,0.5
1900-01-23 02:03:45,7965.5,726511,7966.0,1773509,172399,15446,156953,-1046998,0.5
1900-01-23 02:04:00,7965.5,1339726,7966.0,1443345,201910,9054,192856,-103619,0.5
1900-01-23 02:04:15,7965.5,1262838,7966.0,1378731,114955,232,114723,-115893,0.5
1900-01-23 02:04:30,7965.5,388482,7966.0,1678120,156598,29605,126993,-1289638,0.5
1900-01-23 02:04:45,7965.5,375698,7966.0,2414714,125263,2566,122697,-2039016,0.5
1900-01-23 02:05:00,7965.5,82390,7966.0,2820946,89536,129974,-40438,-2738556,0.5
1900-01-23 02:05:15,7963.0,2303,7963.5,1369623,3604,38556,-34952,-1367320,0.5
1900-01-23 02:05:30,7958.0,587332,7958.5,483418,2000,37851,-35851,103914,0.5
1900-01-23 02:05:45,7959.0,567369,7959.5,462185,86913,59999,26914,105184,0.5
1900-01-23 02:06:00,7959.5,846615,7960.0,501088,168024,5000,163024,345527,0.5
1900-01-23 02:06:15,7958.0,196022,7958.5,917255,14673,168363,-153690,-721233,0.5
1900-01-23 02:06:30,7958.0,660065,7958.5,754656,70700,12813,57887,-94591,0.5
1900-01-23 02:06:45,7958.0,39130,7958.5,1470951,2513,82856,-80343,-1431821,0.5
1900-01-23 02:07:00,7958.0,56937,7958.5,1384325,44658,8602,36056,-1327388,0.5
1900-01-23 02:07:15,7955.0,58027,7955.5,2007972,30136,12208,17928,-1949945,0.5
1900-01-23 02:07:30,7950.5,271754,7951.0,10000,60660,15391,45269,261754,0.5
1900-01-23 02:07:45,7949.0,12500,7949.5,322759,90356,18423,71933,-310259,0.5
1900-01-23 02:08:00,7949.0,521471,7949.5,657096,142849,203996,-61147,-135625,0.5
1900-01-23 02:08:15,7949.0,528364,7949.5,264908,11343,90000,-78657,263456,0.5
1900-01-23 02:08:30,7949.0,648794,7949.5,346358,78130,24966,53164,302436,0.5
1900-01-23 02:08:45,7949.0,382475,7949.5,829393,29844,14433,15411,-446918,0.5
1900-01-23 02:09:00,7945.5,132490,7946.0,692170,6840,128894,-122054,-559680,0.5
1900-01-23 02:09:15,7942.0,62446,7943.5,1157608,11788,160409,-148621,-1095162,1.5
1900-01-23 02:09:30,7938.5,899704,7939.0,49,71262,176368,-105106,899655,0.5
1900-01-23 02:09:45,7942.0,162361,7942.5,998048,66784,77005,-10221,-835687,0.5
1900-01-23 02:10:00,7937.5,57492,7938.0,133400,31332,77041,-45709,-75908,0.5
1900-01-23 02:10:15,7938.5,612991,7939.0,171498,189764,352058,-162294,441493,0.5
1900-01-23 02:10:30,7941.0,712559,7941.5,269005,97689,35443,62246,443554,0.5
1900-01-23 02:10:45,7935.0,653917,7935.5,863822,22908,167405,-144497,-209905,0.5
1900-01-23 02:11:00,7937.0,369456,7937.5,86618,69557,38368,31189,282838,0.5
1900-01-23 02:11:15,7938.5,334522,7939.0,108805,24437,33468,-9031,225717,0.5
1900-01-23 02:11:30,7942.5,608680,7943.0,821100,246665,230002,16663,-212420,0.5
1900-01-23 02:11:45,7945.0,506175,7945.5,427754,63394,1426,61968,78421,0.5
1900-01-23 02:12:00,7942.0,10250,7942.5,893227,122864,131397,-8533,-882977,0.5
1900-01-23 02:12:15,7941.0,251567,7941.5,635854,11461,42689,-31228,-384287,0.5
1900-01-23 02:12:30,7936.5,807139,7937.0,328195,233228,103919,129309,478944,0.5
1900-01-23 02:12:45,7920.0,1101999,7920.5,4000,20164,1216949,-1196785,1097999,0.5
1900-01-23 02:13:00,7936.0,23387,7937.5,4778,334909,788090,-453181,18609,1.5
1900-01-23 02:13:15,7927.0,47890,7927.5,132149,165153,106157,58996,-84259,0.5
1900-01-23 02:13:30,7929.0,236237,7930.0,97147,109163,246651,-137488,139090,1.0
1900-01-23 02:13:45,7925.5,416371,7926.0,433560,257120,29466,227654,-17189,0.5
1900-01-23 02:14:00,7932.0,47977,7932.5,1268212,122288,61319,60969,-1220235,0.5
1900-01-23 02:14:15,7932.0,773331,7932.5,74430,159178,203637,-44459,698901,0.5
1900-01-23 02:14:30,7934.5,555986,7935.0,510352,98293,26606,71687,45634,0.5
1900-01-23 02:14:45,7934.5,1044,7935.0,519654,69342,53374,15968,-518610,0.5
1900-01-23 02:15:00,7931.5,315074,7932.0,456037,28546,79232,-50686,-140963,0.5
1900-01-23 02:15:15,7934.0,1072641,7934.5,32946,83573,63639,19934,1039695,0.5
1900-01-23 02:15:30,7949.0,199514,7949.5,442118,323590,38889,284701,-242604,0.5
1900-01-23 02:15:45,7945.0,22139,7945.5,538019,80192,107194,-27002,-515880,0.5
1900-01-23 02:16:00,7946.0,308639,7946.5,70154,50305,24989,25316,238485,0.5
1900-01-23 02:16:15,7953.0,481658,7953.5,440456,1103954,17555,1086399,41202,0.5
1900-01-23 02:16:30,7954.5,22787,7955.0,1032572,248566,133793,114773,-1009785,0.5
1900-01-23 02:16:45,7953.5,855999,7954.0,136369,102110,254278,-152168,719630,0.5
1900-01-23 02:17:00,7951.5,184369,7952.0,727282,60022,189880,-129858,-542913,0.5
1900-01-23 02:17:15,7950.0,183284,7950.5,735929,37916,108994,-71078,-552645,0.5
1900-01-23 02:17:30,7955.5,98094,7956.0,991986,96906,43278,53628,-893892,0.5
1900-01-23 02:17:45,7955.0,1484,7955.5,573839,27381,55780,-28399,-572355,0.5
1900-01-23 02:18:00,7949.0,259,7949.5,1189583,2827,141794,-138967,-1189324,0.5
1900-01-23 02:18:15,7946.5,61775,7947.0,986180,1423,55195,-53772,-924405,0.5
1900-01-23 02:18:30,7946.0,68970,7946.5,1431596,4401,208111,-203710,-1362626,0.5
1900-01-23 02:18:45,7945.0,31837,7945.5,1307787,62,22045,-21983,-1275950,0.5
1900-01-23 02:19:00,7941.0,63774,7941.5,1212314,85047,102761,-17714,-1148540,0.5
1900-01-23 02:19:15,7946.0,478754,7946.5,38406,27890,92214,-64324,440348,0.5
1900-01-23 02:19:30,7946.0,238503,7946.5,683059,61381,9488,51893,-444556,0.5
1900-01-23 02:19:45,7946.0,294852,7946.5,701496,115,22724,-22609,-406644,0.5
1900-01-23 02:20:00,7946.0,264590,7946.5,732363,5002,9147,-4145,-467773,0.5
1900-01-23 02:20:15,7946.0,721079,7946.5,748198,5012,15583,-10571,-27119,0.5
1900-01-23 02:20:30,7946.0,1115132,7946.5,296939,88441,25950,62491,818193,0.5
1900-01-23 02:20:45,7949.5,1160469,7950.0,582723,367316,257,367059,577746,0.5
1900-01-23 02:21:00,7952.0,1419147,7952.5,93656,123456,6612,116844,1325491,0.5
1900-01-23 02:21:15,7954.0,368255,7954.5,30048,92129,6612,85517,338207,0.5
1900-01-23 02:21:30,7954.0,63264,7954.5,957312,65267,16692,48575,-894048,0.5
1900-01-23 02:21:45,7954.0,107007,7954.5,658918,21000,57900,-36900,-551911,0.5
1900-01-23 02:22:00,7956.5,285016,7957.0,539252,94651,6101,88550,-254236,0.5
1900-01-23 02:22:15,7956.5,265165,7957.0,614377,50021,26576,23445,-349212,0.5
1900-01-23 02:22:30,7961.0,315291,7961.5,135500,63647,819,62828,179791,0.5
1900-01-23 02:22:45,7959.5,17016,7960.0,529765,255266,87390,167876,-512749,0.5
1900-01-23 02:23:00,7959.0,486573,7959.5,89830,36962,49644,-12682,396743,0.5
1900-01-23 02:23:15,7959.5,201934,7960.0,766102,58828,11334,47494,-564168,0.5
1900-01-23 02:23:30,7957.5,10929,7958.0,926059,21950,76786,-54836,-915130,0.5
1900-01-23 02:23:45,7957.0,1200,7957.5,975114,1304,29602,-28298,-973914,0.5
1900-01-23 02:24:00,7956.5,819504,7957.0,265907,14403,74622,-60219,553597,0.5
1900-01-23 02:24:15,7956.5,632686,7957.0,163749,76340,1234,75106,468937,0.5
1900-01-23 02:24:30,7956.5,769237,7957.0,44493,37979,1351,36628,724744,0.5
1900-01-23 02:24:45,7959.0,1265530,7959.5,31366,17758,6793,10965,1234164,0.5
1900-01-23 02:25:00,7959.5,1362432,7960.0,18208,157677,6710,150967,1344224,0.5
1900-01-23 02:25:15,7960.0,872707,7960.5,29662,52189,4740,47449,843045,0.5
1900-01-23 02:25:30,7961.0,122638,7961.5,833146,61760,30798,30962,-710508,0.5
1900-01-23 02:25:45,7961.0,198940,7961.5,904993,4001,11750,-7749,-706053,0.5
1900-01-23 02:26:00,7961.0,139163,7961.5,917536,225,41919,-41694,-778373,0.5
1900-01-23 02:26:15,7961.0,259258,7961.5,851757,17403,20863,-3460,-592499,0.5
1900-01-23 02:26:30,7960.5,19284,7961.0,1047125,8821,75540,-66719,-1027841,0.5
1900-01-23 02:26:45,7959.5,9463,7960.0,1014420,1600,28155,-26555,-1004957,0.5
1900-01-23 02:27:00,7955.0,3246,7955.5,311121,246,63993,-63747,-307875,0.5
1900-01-23 02:27:15,7955.0,316411,7955.5,587044,64126,3607,60519,-270633,0.5
1900-01-23 02:27:30,7955.0,374269,7955.5,707046,2005,25836,-23831,-332777,0.5
1900-01-23 02:27:45,7955.0,1015305,7955.5,26121,8908,10901,-1993,989184,0.5
1900-01-23 02:28:00,7957.0,1026569,7957.5,87700,23591,210,23381,938869,0.5
1900-01-23 02:28:15,7961.0,717185,7961.5,162462,19118,3000,16118,554723,0.5
1900-01-23 02:28:30,7958.5,6472,7959.0,464640,10565,76384,-65819,-458168,0.5
1900-01-23 02:28:45,7960.5,954201,7961.0,22050,19783,31721,-11938,932151,0.5
1900-01-23 02:29:00,7961.0,1041506,7961.5,49847,26895,31721,-4826,991659,0.5
1900-01-23 02:29:15,7962.5,691896,7963.0,8966,33707,7900,25807,682930,0.5
1900-01-23 02:29:30,7966.0,898808,7966.5,15100,127530,1166,126364,883708,0.5
1900-01-23 02:29:45,7969.0,87973,7969.5,532988,223754,95970,127784,-445015,0.5
1900-01-23 02:30:00,7965.0,586348,7965.5,525562,43822,29641,14181,60786,0.5
1900-01-23 02:30:15,7964.5,352944,7965.0,1122771,51460,30841,20619,-769827,0.5
1900-01-23 02:30:30,7964.5,740826,7965.0,604411,8018,4880,3138,136415,0.5
1900-01-23 02:30:45,7964.5,1355704,7965.0,284954,78945,4002,74943,1070750,0.5
1900-01-23 02:31:00,7964.5,1446764,7965.0,224850,52322,30,52292,1221914,0.5
1900-01-23 02:31:15,7967.0,909906,7967.5,431,162136,10000,152136,909475,0.5
1900-01-23 02:31:30,7969.0,923988,7969.5,70053,51405,8011,43394,853935,0.5
1900-01-23 02:31:45,7979.0,68995,7979.5,130329,98702,3220,95482,-61334,0.5
1900-01-23 02:32:00,7979.5,455299,7980.0,734534,180863,11952,168911,-279235,0.5
1900-01-23 02:32:15,7979.5,618912,7980.0,671020,93783,32683,61100,-52108,0.5
1900-01-23 02:32:30,7979.5,554021,7980.0,578122,68299,28183,40116,-24101,0.5
1900-01-23 02:32:45,7984.0,446401,7984.5,831667,619528,25270,594258,-385266,0.5
1900-01-23 02:33:00,7982.0,285,7982.5,259906,19054,283179,-264125,-259621,0.5
1900-01-23 02:33:15,7982.0,294902,7982.5,598321,620,117361,-116741,-303419,0.5
1900-01-23 02:33:30,7980.5,49590,7981.0,844116,620,67956,-67336,-794526,0.5
1900-01-23 02:33:45,7978.5,216997,7979.0,711711,6416,44112,-37696,-494714,0.5
1900-01-23 02:34:00,7978.5,35365,7979.0,938540,6454,16253,-9799,-903175,0.5
1900-01-23 02:34:15,7974.0,216271,7974.5,807831,50,107071,-107021,-591560,0.5
1900-01-23 02:34:30,7974.0,1129694,7974.5,228744,68267,30106,38161,900950,0.5
1900-01-23 02:34:45,7974.0,1105425,7974.5,159106,20420,5459,14961,946319,0.5
1900-01-23 02:35:00,7974.0,947506,7974.5,363921,16002,10860,5142,583585,0.5
1900-01-23 02:35:15,7972.5,20562,7973.0,923314,5392,72678,-67286,-902752,0.5
1900-01-23 02:35:30,7972.0,2495012,7972.5,325027,6010,49634,-43624,2169985,0.5
1900-01-23 02:35:45,7972.0,1889223,7972.5,294009,5148,2095,3053,1595214,0.5
1900-01-23 02:36:00,7972.0,1446075,7972.5,852588,7121,27213,-20092,593487,0.5
1900-01-23 02:36:15,7972.0,1489150,7972.5,887152,7121,4692,2429,601998,0.5
1900-01-23 02:36:30,7972.0,1453796,7972.5,842911,7121,56004,-48883,610885,0.5
1900-01-23 02:36:45,7972.0,1400708,7972.5,807680,101,35110,-35009,593028,0.5
1900-01-23 02:37:00,7972.0,1181648,7972.5,1038721,1,192859,-192858,142927,0.5
1900-01-23 02:37:15,7972.0,1066018,7972.5,1254115,1,32082,-32081,-188097,0.5
1900-01-23 02:37:30,7965.0,961613,7965.5,473373,8015,1260012,-1251997,488240,0.5
1900-01-23 02:37:45,7965.0,1395377,7965.5,114893,23632,122792,-99160,1280484,0.5
1900-01-23 02:38:00,7966.0,1460276,7966.5,74334,31226,14528,16698,1385942,0.5
1900-01-23 02:38:15,7966.0,1314100,7966.5,54841,23575,5900,17675,1259259,0.5
1900-01-23 02:38:30,7969.0,1275216,7969.5,78824,67586,88,67498,1196392,0.5
1900-01-23 02:38:45,7978.0,459834,7978.5,23794,95440,3,95437,436040,0.5
1900-01-23 02:39:00,7978.0,197181,7978.5,877293,17780,10026,7754,-680112,0.5
1900-01-23 02:39:15,7978.0,311942,7978.5,798718,85807,49749,36058,-486776,0.5
1900-01-23 02:39:30,7978.0,379351,7978.5,741215,869,47252,-46383,-361864,0.5
1900-01-23 02:39:45,7973.5,306169,7974.0,920444,30626,1025,29601,-614275,0.5
1900-01-23 02:40:00,7973.5,1594818,7974.0,47426,33704,16301,17403,1547392,0.5
1900-01-23 02:40:15,7975.5,1621452,7976.0,240,20201,17754,2447,1621212,0.5
1900-01-23 02:40:30,7976.5,1383974,7977.0,9582,27022,1000,26022,1374392,0.5
1900-01-23 02:40:45,7978.0,1309975,7978.5,19063,17257,5802,11455,1290912,0.5
1900-01-23 02:41:00,7978.5,1185790,7979.0,480,52863,2000,50863,1185310,0.5
1900-01-23 02:41:15,7979.0,1206854,7979.5,107640,28397,39672,-11275,1099214,0.5
1900-01-23 02:41:30,7979.0,674984,7979.5,502317,22698,22984,-286,172667,0.5
1900-01-23 02:41:45,7975.0,24168,7975.5,1066328,2000,58707,-56707,-1042160,0.5
1900-01-23 02:42:00,7970.5,115292,7971.0,1238816,3650,152527,-148877,-1123524,0.5
1900-01-23 02:42:15,7970.5,203433,7971.0,872229,1,70370,-70369,-668796,0.5
1900-01-23 02:42:30,7970.5,104138,7971.0,1199211,560,34497,-33937,-1095073,0.5
1900-01-23 02:42:45,7967.0,525379,7967.5,670987,10000,63419,-53419,-145608,0.5
1900-01-23 02:43:00,7967.0,453022,7967.5,661761,2550,5903,-3353,-208739,0.5
1900-01-23 02:43:15,7967.5,666179,7968.0,5892,50406,38792,11614,660287,0.5
1900-01-23 02:43:30,7967.5,1334432,7968.0,37916,23911,1000,22911,1296516,0.5
1900-01-23 02:43:45,7967.5,1138713,7968.0,342889,2019,5525,-3506,795824,0.5
1900-01-23 02:44:00,7967.5,1192711,7968.0,192548,4201,36045,-31844,1000163,0.5
1900-01-23 02:44:15,7967.5,80669,7968.0,973164,4031,78583,-74552,-892495,0.5
1900-01-23 02:44:30,7967.5,61171,7968.0,1292020,6086,4871,1215,-1230849,0.5
1900-01-23 02:44:45,7967.5,251778,7968.0,1135396,653,42751,-42098,-883618,0.5
1900-01-23 02:45:00,7965.0,216118,7965.5,1080288,40100,78564,-38464,-864170,0.5
1900-01-23 02:45:15,7965.0,256538,7965.5,990242,3000,23949,-20949,-733704,0.5
1900-01-23 02:45:30,7964.5,63928,7965.0,1181374,7039,31060,-24021,-1117446,0.5
1900-01-23 02:45:45,7964.0,56121,7964.5,1286599,18,32734,-32716,-1230478,0.5
1900-01-23 02:46:00,7962.0,14358,7962.5,1221510,12376,128071,-115695,-1207152,0.5
1900-01-23 02:46:15,7962.0,2274,7962.5,1257000,12376,49564,-37188,-1254726,0.5
1900-01-23 02:46:30,7960.0,1026734,7960.5,500715,857,24345,-23488,526019,0.5
1900-01-23 02:46:45,7960.0,939135,7960.5,557835,33759,80440,-46681,381300,0.5
1900-01-23 02:47:00,7960.0,417000,7960.5,1102670,93281,210,93071,-685670,0.5
1900-01-23 02:47:15,7952.0,452231,7952.5,748874,7760,207437,-199677,-296643,0.5
1900-01-23 02:47:30,7952.0,1087192,7952.5,600482,63019,53121,9898,486710,0.5
1900-01-23 02:47:45,7952.0,1374960,7952.5,509970,68319,15,68304,864990,0.5
1900-01-23 02:48:00,7953.5,537658,7954.0,36730,179143,710,178433,500928,0.5
1900-01-23 02:48:15,7955.5,1141598,7956.0,141370,120197,47915,72282,1000228,0.5
1900-01-23 02:48:30,7955.0,911441,7955.5,127001,21365,26934,-5569,784440,0.5
1900-01-23 02:48:45,7953.5,44769,7954.0,1816827,22109,2679,19430,-1772058,0.5
1900-01-23 02:49:00,7952.0,664129,7952.5,625234,22109,20633,1476,38895,0.5
1900-01-23 02:49:15,7952.0,619547,7952.5,577003,22109,5589,16520,42544,0.5
1900-01-23 02:49:30,7952.0,50730,7952.5,1863127,43801,43516,285,-1812397,0.5
1900-01-23 02:49:45,7950.0,127037,7950.5,1339223,100,109295,-109195,-1212186,0.5
1900-01-23 02:50:00,7950.0,471797,7950.5,975396,33,73500,-73467,-503599,0.5
1900-01-23 02:50:15,7950.0,1155535,7950.5,1135266,2033,15953,-13920,20269,0.5
1900-01-23 02:50:30,7950.0,768849,7950.5,1460928,7360,510,6850,-692079,0.5
1900-01-23 02:50:45,7950.0,1052343,7950.5,1012544,1110,32490,-31380,39799,0.5
1900-01-23 02:51:00,7950.0,1072125,7950.5,1311250,708,10671,-9963,-239125,0.5
1900-01-23 02:51:15,7950.0,1030355,7950.5,1388226,26029,40903,-14874,-357871,0.5
1900-01-23 02:51:30,7950.0,1216253,7950.5,1166133,77966,150,77816,50120,0.5
1900-01-23 02:51:45,7950.0,1338175,7950.5,1064833,55994,31731,24263,273342,0.5
1900-01-23 02:52:00,7957.0,603314,7957.5,329656,42803,2704,40099,273658,0.5
1900-01-23 02:52:15,7962.0,409423,7962.5,627704,326080,7732,318348,-218281,0.5
1900-01-23 02:52:30,7962.0,130682,7962.5,983194,3802,37212,-33410,-852512,0.5
1900-01-23 02:52:45,7962.0,291239,7962.5,1092279,53197,10276,42921,-801040,0.5
1900-01-23 02:53:00,7962.0,723738,7962.5,320029,10783,13421,-2638,403709,0.5
1900-01-23 02:53:15,7962.0,1063186,7962.5,20561,64416,1205,63211,1042625,0.5
1900-01-23 02:53:30,7965.5,431279,7966.0,1116131,208954,1205,207749,-684852,0.5
1900-01-23 02:53:45,7965.5,1253303,7966.0,719663,90898,6922,83976,533640,0.5
1900-01-23 02:54:00,7965.5,1348137,7966.0,755433,36200,1800,34400,592704,0.5
1900-01-23 02:54:15,7965.5,1367915,7966.0,745069,23966,22104,1862,622846,0.5
1900-01-23 02:54:30,7965.5,907145,7966.0,839432,21396,1180,20216,67713,0.5
1900-01-23 02:54:45,7964.5,33168,7965.0,957335,60,73103,-73043,-924167,0.5
1900-01-23 02:55:00,7964.5,1023275,7965.0,247956,1033,8245,-7212,775319,0.5
1900-01-23 02:55:15,7965.5,1354072,7966.0,79080,138571,8245,130326,1274992,0.5
1900-01-23 02:55:30,7967.0,1499631,7967.5,9104,95955,8245,87710,1490527,0.5
1900-01-23 02:55:45,7969.5,1452080,7970.0,23467,52156,5,52151,1428613,0.5
1900-01-23 02:56:00,7971.5,809921,7972.0,50073,43062,2005,41057,759848,0.5
1900-01-23 02:56:15,7971.5,83572,7972.0,925609,5177,39453,-34276,-842037,0.5
1900-01-23 02:56:30,7968.5,33267,7969.0,586288,1201,63643,-62442,-553021,0.5
1900-01-23 02:56:45,7972.5,405524,7973.0,24474,12490,16058,-3568,381050,0.5
1900-01-23 02:57:00,7972.5,509373,7973.0,358328,20609,1608,19001,151045,0.5
1900-01-23 02:57:15,7974.5,515222,7975.0,302546,351648,5581,346067,212676,0.5
1900-01-23 02:57:30,7973.5,256301,7974.0,516858,50040,58061,-8021,-260557,0.5
1900-01-23 02:57:45,7973.5,288836,7974.0,549634,5000,23021,-18021,-260798,0.5
1900-01-23 02:58:00,7973.5,827681,7974.0,242072,10,180,-170,585609,0.5
1900-01-23 02:58:15,7973.5,17057,7974.0,671552,11900,7773,4127,-654495,0.5
1900-01-23 02:58:30,7971.5,20501,7972.0,444359,11900,48464,-36564,-423858,0.5
1900-01-23 02:58:45,7971.5,15181,7972.0,905410,2460,7801,-5341,-890229,0.5
1900-01-23 02:59:00,7970.0,26878,7970.5,810386,400,56287,-55887,-783508,0.5
1900-01-23 02:59:15,7969.5,34306,7970.0,877257,2730,17631,-14901,-842951,0.5
1900-01-23 02:59:30,7968.5,16460,7969.0,761921,2100,28871,-26771,-745461,0.5
1900-01-23 02:59:45,7967.5,786360,7968.0,438126,9200,27403,-18203,348234,0.5
1900-01-23 03:00:00,7967.5,1179144,7968.0,92022,9052,11967,-2915,1087122,0.5
1900-01-23 03:00:15,7967.5,94,7968.0,489779,495,19267,-18772,-489685,0.5
1900-01-23 03:00:30,7967.0,657981,7967.5,519366,18350,15051,3299,138615,0.5
1900-01-23 03:00:45,7967.0,1080404,7967.5,146662,2556,12256,-9700,933742,0.5
1900-01-23 03:01:00,7967.0,1625826,7967.5,12018,32146,15101,17045,1613808,0.5
1900-01-23 03:01:15,7967.0,1115780,7967.5,55377,11362,15101,-3739,1060403,0.5
1900-01-23 03:01:30,7967.0,1019688,7967.5,390407,840,33000,-32160,629281,0.5
1900-01-23 03:01:45,7967.0,857107,7967.5,454970,17949,2002,15947,402137,0.5
1900-01-23 03:02:00,7967.0,853931,7967.5,434352,8600,3860,4740,419579,0.5
1900-01-23 03:02:15,7967.0,565315,7967.5,588860,212,73904,-73692,-23545,0.5
1900-01-23 03:02:30,7967.0,360733,7967.5,769951,10,102010,-102000,-409218,0.5
1900-01-23 03:02:45,7967.0,257173,7967.5,1016890,11500,98961,-87461,-759717,0.5
1900-01-23 03:03:00,7962.0,9653,7962.5,1147792,2420,184256,-181836,-1138139,0.5
1900-01-23 03:03:15,7962.0,550832,7962.5,1165462,6700,10274,-3574,-614630,0.5
1900-01-23 03:03:30,7962.0,1095318,7962.5,756694,5396,13816,-8420,338624,0.5
1900-01-23 03:03:45,7962.0,503388,7962.5,947182,1210,190,1020,-443794,0.5
1900-01-23 03:04:00,7958.5,23964,7959.0,728083,1,32479,-32478,-704119,0.5
1900-01-23 03:04:15,7958.5,38439,7959.0,982852,10395,30232,-19837,-944413,0.5
1900-01-23 03:04:30,7957.5,389349,7958.0,615778,603,17054,-16451,-226429,0.5
1900-01-23 03:04:45,7957.5,317592,7958.0,670879,10495,57299,-46804,-353287,0.5
1900-01-23 03:05:00,7956.0,70344,7956.5,1209394,2069,126729,-124660,-1139050,0.5
1900-01-23 03:05:15,7951.0,12078,7951.5,368390,2352,106332,-103980,-356312,0.5
1900-01-23 03:05:30,7949.5,806560,7950.0,312962,5412,137311,-131899,493598,0.5
1900-01-23 03:05:45,7949.5,256520,7950.0,833269,55735,148232,-92497,-576749,0.5
1900-01-23 03:06:00,7948.5,4944,7949.0,1228019,8256,35382,-27126,-1223075,0.5
1900-01-23 03:06:15,7946.5,286389,7947.0,773818,25404,76031,-50627,-487429,0.5
1900-01-23 03:06:30,7949.5,757830,7950.0,187118,269630,40169,229461,570712,0.5
1900-01-23 03:06:45,7951.5,207291,7952.0,1187077,39442,11060,28382,-979786,0.5
1900-01-23 03:07:00,7949.5,30323,7950.0,1742872,4231,90777,-86546,-1712549,0.5
1900-01-23 03:07:15,7946.5,625220,7947.0,510603,5500,10713,-5213,114617,0.5
1900-01-23 03:07:30,7946.5,692204,7947.0,518208,1745,92394,-90649,173996,0.5
1900-01-23 03:07:45,7946.5,45132,7947.0,942525,503,78471,-77968,-897393,0.5
1900-01-23 03:08:00,7946.5,588510,7947.0,503363,5300,53158,-47858,85147,0.5
1900-01-23 03:08:15,7953.5,907675,7954.0,22286,308499,8218,300281,885389,0.5
1900-01-23 03:08:30,7957.0,9884,7957.5,1410627,103352,4265,99087,-1400743,0.5
1900-01-23 03:08:45,7956.5,313753,7957.0,943144,325,26641,-26316,-629391,0.5
1900-01-23 03:09:00,7956.5,568409,7957.0,498826,54746,1683,53063,69583,0.5
1900-01-23 03:09:15,7956.5,884567,7957.0,170624,205322,16110,189212,713943,0.5
1900-01-23 03:09:30,7956.5,4464,7957.0,970773,95841,35511,60330,-966309,0.5
1900-01-23 03:09:45,7956.0,532453,7956.5,527751,1447,459,988,4702,0.5
1900-01-23 03:10:00,7956.0,565361,7956.5,603274,2901,2140,761,-37913,0.5
1900-01-23 03:10:15,7956.0,567459,7956.5,609095,100,4902,-4802,-41636,0.5
1900-01-23 03:10:30,7955.0,27091,7955.5,895142,1,105340,-105339,-868051,0.5
1900-01-23 03:10:45,7955.0,1000,7955.5,1265749,10,20963,-20953,-1264749,0.5
1900-01-23 03:11:00,7950.0,111670,7950.5,732536,67,19139,-19072,-620866,0.5
1900-01-23 03:11:15,7950.0,58439,7950.5,911289,3304,8532,-5228,-852850,0.5
1900-01-23 03:11:30,7950.0,811346,7950.5,769165,444,7491,-7047,42181,0.5
1900-01-23 03:11:45,7952.0,348021,7952.5,467115,16225,147521,-131296,-119094,0.5
1900-01-23 03:12:00,7952.0,434854,7952.5,389313,714,8201,-7487,45541,0.5
1900-01-23 03:12:15,7952.0,710151,7952.5,458266,1630,4479,-2849,251885,0.5
1900-01-23 03:12:30,7954.0,1302180,7954.5,36748,43469,37851,5618,1265432,0.5
1900-01-23 03:12:45,7955.0,705422,7955.5,68452,41544,6115,35429,636970,0.5
1900-01-23 03:13:00,7956.0,670658,7956.5,181229,41961,101892,-59931,489429,0.5
1900-01-23 03:13:15,7956.0,695587,7956.5,98220,128860,4660,124200,597367,0.5
1900-01-23 03:13:30,7957.0,757357,7957.5,150920,20238,13957,6281,606437,0.5
1900-01-23 03:13:45,7958.0,652749,7958.5,179546,24552,360,24192,473203,0.5
1900-01-23 03:14:00,7958.0,772064,7958.5,367555,22200,505,21695,404509,0.5
1900-01-23 03:14:15,7958.0,412851,7958.5,478225,1900,33454,-31554,-65374,0.5
1900-01-23 03:14:30,7958.0,373452,7958.5,489886,2500,6024,-3524,-116434,0.5
1900-01-23 03:14:45,7958.0,477523,7958.5,462722,927,10300,-9373,14801,0.5
1900-01-23 03:15:00,7955.5,41501,7956.0,643867,11899,34062,-22163,-602366,0.5
1900-01-23 03:15:15,7955.0,294374,7955.5,539147,43035,13625,29410,-244773,0.5
1900-01-23 03:15:30,7945.5,2046752,7946.0,27959,23788,124234,-100446,2018793,0.5
1900-01-23 03:15:45,7949.5,1408768,7950.0,133242,282490,27199,255291,1275526,0.5
1900-01-23 03:16:00,7949.5,1381978,7950.0,152563,25122,282,24840,1229415,0.5
1900-01-23 03:16:15,7953.0,274247,7953.5,27113,81058,4278,76780,247134,0.5
1900-01-23 03:16:30,7960.0,684200,7960.5,164972,36167,69188,-33021,519228,0.5
1900-01-23 03:16:45,7960.0,430234,7960.5,306072,2836,10502,-7666,124162,0.5
1900-01-23 03:17:00,7960.0,536890,7960.5,330726,1,1503,-1502,206164,0.5
1900-01-23 03:17:15,7960.0,363135,7960.5,690390,1928,358989,-357061,-327255,0.5
1900-01-23 03:17:30,7960.0,433459,7960.5,678193,2194,133440,-131246,-244734,0.5
1900-01-23 03:17:45,7961.0,797005,7961.5,153754,3296,6500,-3204,643251,0.5
1900-01-23 03:18:00,7963.5,897925,7964.0,61261,516310,6500,509810,836664,0.5
1900-01-23 03:18:15,7964.0,858374,7964.5,67087,11340,2093,9247,791287,0.5
1900-01-23 03:18:30,7964.0,819415,7964.5,41217,42265,1,42264,778198,0.5
1900-01-23 03:18:45,7964.0,621642,7964.5,53087,12814,40894,-28080,568555,0.5
1900-01-23 03:19:00,7964.0,461034,7964.5,113403,2596,22050,-19454,347631,0.5
1900-01-23 03:19:15,7965.0,598933,7965.5,143941,2605,2540,65,454992,0.5
1900-01-23 03:19:30,7965.0,498290,7965.5,362045,22005,122491,-100486,136245,0.5
1900-01-23 03:19:45,7965.5,1330065,7966.0,336250,5547,2607,2940,993815,0.5
1900-01-23 03:20:00,7965.5,1212725,7966.0,86463,89764,30,89734,1126262,0.5
1900-01-23 03:20:15,7966.0,1322482,7966.5,5865,44293,2738,41555,1316617,0.5
1900-01-23 03:20:30,7968.5,1380225,7969.0,17191,50942,1054,49888,1363034,0.5
1900-01-23 03:20:45,7970.0,1431503,7970.5,4171,63189,10334,52855,1427332,0.5
1900-01-23 03:21:00,7971.5,997335,7972.0,132039,152867,15825,137042,865296,0.5
1900-01-23 03:21:15,7974.5,942633,7975.0,122065,136348,250,136098,820568,0.5
1900-01-23 03:21:30,7975.5,667083,7976.0,121866,70154,18515,51639,545217,0.5
1900-01-23 03:21:45,7975.0,2884,7975.5,722082,23854,184904,-161050,-719198,0.5
1900-01-23 03:22:00,7975.0,33298,7975.5,808045,24800,57460,-32660,-774747,0.5
1900-01-23 03:22:15,7972.0,305226,7972.5,534794,1001,106993,-105992,-229568,0.5
1900-01-23 03:22:30,7972.0,126184,7972.5,861370,1001,41384,-40383,-735186,0.5
1900-01-23 03:22:45,7974.0,951951,7974.5,61855,108567,6525,102042,890096,0.5
1900-01-23 03:23:00,7976.5,1059765,7977.0,85036,34672,17526,17146,974729,0.5
1900-01-23 03:23:15,7976.5,1090868,7977.0,90032,31147,1302,29845,1000836,0.5
1900-01-23 03:23:30,7982.5,650725,7983.0,132533,114247,37420,76827,518192,0.5
1900-01-23 03:23:45,7982.5,631320,7983.0,443990,46990,15505,31485,187330,0.5
1900-01-23 03:24:00,7982.5,156243,7983.0,522281,13258,52835,-39577,-366038,0.5
1900-01-23 03:24:15,7976.0,879827,7976.5,60697,22681,99406,-76725,819130,0.5
1900-01-23 03:24:30,7976.0,965253,7976.5,67767,18291,36848,-18557,897486,0.5
1900-01-23 03:24:45,7980.0,705845,7980.5,5850,21566,31535,-9969,699995,0.5
1900-01-23 03:25:00,7980.0,369525,7980.5,235719,37977,120838,-82861,133806,0.5
1900-01-23 03:25:15,7980.0,154457,7980.5,399872,1,92388,-92387,-245415,0.5
1900-01-23 03:25:30,7978.0,776176,7978.5,72448,8272,166131,-157859,703728,0.5
1900-01-23 03:25:45,7978.0,214640,7978.5,384013,5623,50588,-44965,-169373,0.5
1900-01-23 03:26:00,7978.0,299392,7978.5,332943,6562,38126,-31564,-33551,0.5
1900-01-23 03:26:15,7978.5,1237109,7979.0,11625,6346,23811,-17465,1225484,0.5
1900-01-23 03:26:30,7980.0,944884,7980.5,90515,89554,41487,48067,854369,0.5
1900-01-23 03:26:45,7981.0,858016,7981.5,54166,144175,39467,104708,803850,0.5
1900-01-23 03:27:00,7982.0,84283,7982.5,702754,30432,36033,-5601,-618471,0.5
1900-01-23 03:27:15,7982.0,5533,7982.5,976773,8486,45629,-37143,-971240,0.5
1900-01-23 03:27:30,7981.0,356770,7981.5,399769,9720,432167,-422447,-42999,0.5
1900-01-23 03:27:45,7980.0,244789,7980.5,215747,11090,94453,-83363,29042,0.5
1900-01-23 03:28:00,7980.5,931211,7981.0,122515,55124,36750,18374,808696,0.5
1900-01-23 03:28:15,7980.5,789027,7981.0,416330,1447,130883,-129436,372697,0.5
1900-01-23 03:28:30,7980.5,1364498,7981.0,327901,2706,7200,-4494,1036597,0.5
1900-01-23 03:28:45,7982.0,1189123,7982.5,202180,501322,33654,467668,986943,0.5
1900-01-23 03:29:00,7982.0,1256313,7982.5,39695,23546,49396,-25850,1216618,0.5
1900-01-23 03:29:15,7982.0,1233416,7982.5,52461,3677,4801,-1124,1180955,0.5
1900-01-23 03:29:30,7982.5,1093250,7983.0,51720,43722,3917,39805,1041530,0.5
1900-01-23 03:29:45,7983.5,28517,7984.0,488484,25162,60302,-35140,-459967,0.5
1900-01-23 03:30:00,7979.0,1197235,7979.5,135954,49641,119694,-70053,1061281,0.5
1900-01-23 03:30:15,7979.5,1752368,7980.0,69486,987642,21719,965923,1682882,0.5
1900-01-23 03:30:30,7979.0,59453,7979.5,568650,39185,558198,-519013,-509197,0.5
1900-01-23 03:30:45,7977.0,1296198,7977.5,187593,3627,65487,-61860,1108605,0.5
1900-01-23 03:31:00,7981.5,11353,7982.0,340596,57563,36163,21400,-329243,0.5
1900-01-23 03:31:15,7981.0,36644,7981.5,658181,3611,3806,-195,-621537,0.5
1900-01-23 03:31:30,7980.5,74411,7981.0,578555,48682,9563,39119,-504144,0.5
1900-01-23 03:31:45,7979.0,85098,7979.5,605669,695,20141,-19446,-520571,0.5
1900-01-23 03:32:00,7981.0,1050714,7981.5,69181,60691,14622,46069,981533,0.5
1900-01-23 03:32:15,7981.0,884602,7981.5,163759,115,11700,-11585,720843,0.5
1900-01-23 03:32:30,7981.0,226888,7981.5,467293,1035,63755,-62720,-240405,0.5
1900-01-23 03:32:45,7980.0,746524,7980.5,407776,4500,121758,-117258,338748,0.5
1900-01-23 03:33:00,7976.5,1104056,7977.0,100427,1001,52615,-51614,1003629,0.5
1900-01-23 03:33:15,7976.5,1080945,7977.0,148188,26525,5830,20695,932757,0.5
1900-01-23 03:33:30,7976.5,55691,7977.0,401116,20345,41677,-21332,-345425,0.5
1900-01-23 03:33:45,7976.5,628263,7977.0,332762,350,16733,-16383,295501,0.5
1900-01-23 03:34:00,7977.5,427998,7978.0,593815,25521,22528,2993,-165817,0.5
1900-01-23 03:34:15,7975.5,782970,7976.0,209659,25,26703,-26678,573311,0.5
1900-01-23 03:34:30,7975.5,573874,7976.0,716762,10780,200,10580,-142888,0.5
1900-01-23 03:34:45,7975.5,83187,7976.0,1063145,100,75007,-74907,-979958,0.5
1900-01-23 03:35:00,7975.5,68685,7976.0,930705,5000,15111,-10111,-862020,0.5
1900-01-23 03:35:15,7975.5,739250,7976.0,630006,3050,9000,-5950,109244,0.5
1900-01-23 03:35:30,7975.5,746488,7976.0,1090584,1085,10000,-8915,-344096,0.5
1900-01-23 03:35:45,7975.5,1222929,7976.0,423120,10,1600,-1590,799809,0.5
1900-01-23 03:36:00,7970.0,428569,7970.5,713190,3492,118053,-114561,-284621,0.5
1900-01-23 03:36:15,7967.5,162390,7968.0,1074407,1194,59149,-57955,-912017,0.5
1900-01-23 03:36:30,7965.0,107566,7965.5,495753,7067,176682,-169615,-388187,0.5
1900-01-23 03:36:45,7964.0,112229,7964.5,1224117,3200,23067,-19867,-1111888,0.5
1900-01-23 03:37:00,7964.0,919529,7964.5,629836,6615,62963,-56348,289693,0.5
1900-01-23 03:37:15,7964.0,970467,7964.5,551171,68279,383,67896,419296,0.5
1900-01-23 03:37:30,7964.0,775627,7964.5,534337,62071,383,61688,241290,0.5
1900-01-23 03:37:45,7962.0,13910,7962.5,953660,1090,81255,-80165,-939750,0.5
1900-01-23 03:38:00,7962.0,79,7962.5,1139142,335,32739,-32404,-1139063,0.5
1900-01-23 03:38:15,7960.5,1187747,7961.0,210947,21720,4,21716,976800,0.5
1900-01-23 03:38:30,7961.0,307410,7961.5,641976,37723,38801,-1078,-334566,0.5
1900-01-23 03:38:45,7962.5,826604,7963.0,84948,270217,2080,268137,741656,0.5
1900-01-23 03:39:00,7962.5,361518,7963.0,777745,22301,29410,-7109,-416227,0.5
1900-01-23 03:39:15,7962.5,1457323,7963.0,14424,24111,400,23711,1442899,0.5
1900-01-23 03:39:30,7963.5,608013,7964.0,457219,67142,32180,34962,150794,0.5
1900-01-23 03:39:45,7963.5,524919,7964.0,358238,44909,19925,24984,166681,0.5
1900-01-23 03:40:00,7960.5,139346,7961.0,515823,123702,78403,45299,-376477,0.5
1900-01-23 03:40:15,7965.0,838623,7965.5,68866,103578,19522,84056,769757,0.5
1900-01-23 03:40:30,7966.0,1164607,7966.5,24344,16367,50174,-33807,1140263,0.5
1900-01-23 03:40:45,7970.5,599933,7971.0,474862,78718,5350,73368,125071,0.5
1900-01-23 03:41:00,7970.5,366351,7971.0,563263,6923,3380,3543,-196912,0.5
1900-01-23 03:41:15,7970.5,550877,7971.0,494697,343,3101,-2758,56180,0.5
1900-01-23 03:41:30,7970.5,668013,7971.0,456342,343,49675,-49332,211671,0.5
1900-01-23 03:41:45,7971.0,668511,7971.5,230370,5825,149489,-143664,438141,0.5
1900-01-23 03:42:00,7971.0,356376,7971.5,235395,32301,1,32300,120981,0.5
1900-01-23 03:42:15,7971.0,357554,7971.5,342257,28,1,27,15297,0.5
1900-01-23 03:42:30,7973.5,777912,7974.0,77139,43444,8642,34802,700773,0.5
1900-01-23 03:42:45,7973.5,1116223,7974.0,55466,16950,8642,8308,1060757,0.5
1900-01-23 03:43:00,7973.5,1069872,7974.0,48055,37641,8642,28999,1021817,0.5
1900-01-23 03:43:15,7973.5,894206,7974.0,104340,23544,8642,14902,789866,0.5
1900-01-23 03:43:30,7973.5,504248,7974.0,148503,4526,25000,-20474,355745,0.5
1900-01-23 03:43:45,7973.5,139301,7974.0,494467,9061,17164,-8103,-355166,0.5
1900-01-23 03:44:00,7973.5,481588,7974.0,317384,11501,4202,7299,164204,0.5
1900-01-23 03:44:15,7973.5,890999,7974.0,129257,41452,4202,37250,761742,0.5
1900-01-23 03:44:30,7973.5,407364,7974.0,184950,10464,124,10340,222414,0.5
1900-01-23 03:44:45,7973.5,421920,7974.0,308252,75,67,8,113668,0.5
1900-01-23 03:45:00,7973.5,323336,7974.0,370227,11672,1987,9685,-46891,0.5
1900-01-23 03:45:15,7973.5,437886,7974.0,245407,1530,7690,-6160,192479,0.5
1900-01-23 03:45:30,7973.5,28913,7974.0,436440,625,40329,-39704,-407527,0.5
1900-01-23 03:45:45,7972.5,130014,7973.0,573654,48,30154,-30106,-443640,0.5
1900-01-23 03:46:00,7972.0,297036,7972.5,486235,1556,231850,-230294,-189199,0.5
1900-01-23 03:46:15,7972.0,344073,7972.5,478946,1,9100,-9099,-134873,0.5
1900-01-23 03:46:30,7972.0,1013397,7972.5,313627,50,7400,-7350,699770,0.5
1900-01-23 03:46:45,7973.0,1098232,7973.5,95692,125434,16432,109002,1002540,0.5
1900-01-23 03:47:00,7973.0,300550,7973.5,216815,1040,23501,-22461,83735,0.5
1900-01-23 03:47:15,7972.0,73869,7972.5,457155,2,125191,-125189,-383286,0.5
1900-01-23 03:47:30,7972.0,245406,7972.5,486363,2,276166,-276164,-240957,0.5
1900-01-23 03:47:45,7972.0,266972,7972.5,463249,60,5101,-5041,-196277,0.5
1900-01-23 03:48:00,7972.0,238178,7972.5,474614,60,24972,-24912,-236436,0.5
1900-01-23 03:48:15,7966.0,68101,7966.5,360238,65,171155,-171090,-292137,0.5
1900-01-23 03:48:30,7966.0,372063,7966.5,346504,65,23100,-23035,25559,0.5
1900-01-23 03:48:45,7966.0,86845,7966.5,857837,65,46094,-46029,-770992,0.5
1900-01-23 03:49:00,7966.0,68281,7966.5,973002,65,192393,-192328,-904721,0.5
1900-01-23 03:49:15,7966.0,152543,7966.5,750986,9500,13702,-4202,-598443,0.5
1900-01-23 03:49:30,7965.0,125793,7965.5,743699,3600,223756,-220156,-617906,0.5
1900-01-23 03:49:45,7965.0,754954,7965.5,542741,430,102544,-102114,212213,0.5
1900-01-23 03:50:00,7965.0,109823,7965.5,998229,1500,390476,-388976,-888406,0.5
1900-01-23 03:50:15,7965.0,14628,7965.5,1105094,3725,418076,-414351,-1090466,0.5
1900-01-23 03:50:30,7965.0,231940,7965.5,1283847,1470,301282,-299812,-1051907,0.5
1900-01-23 03:50:45,7964.5,6520,7965.0,705867,448,446113,-445665,-699347,0.5
1900-01-23 03:51:00,7955.0,29387,7955.5,977939,39071,193289,-154218,-948552,0.5
1900-01-23 03:51:15,7953.0,977847,7953.5,342687,27601,123525,-95924,635160,0.5
1900-01-23 03:51:30,7957.0,1162832,7957.5,26975,157520,2872,154648,1135857,0.5
1900-01-23 03:51:45,7957.0,408806,7957.5,220968,12407,1001,11406,187838,0.5
1900-01-23 03:52:00,7955.0,612141,7955.5,440898,30615,394950,-364335,171243,0.5
1900-01-23 03:52:15,7955.0,1235963,7955.5,434240,1101,478871,-477770,801723,0.5
1900-01-23 03:52:30,7955.0,838483,7955.5,276522,31243,14532,16711,561961,0.5
1900-01-23 03:52:45,7955.0,810275,7955.5,256211,1021,64835,-63814,554064,0.5
1900-01-23 03:53:00,7955.0,833143,7955.5,244820,11680,104931,-93251,588323,0.5
1900-01-23 03:53:15,7955.0,766971,7955.5,263272,1969,750,1219,503699,0.5
1900-01-23 03:53:30,7955.0,1757113,7955.5,125642,20418,1656,18762,1631471,0.5
1900-01-23 03:53:45,7959.0,171834,7959.5,165054,383934,50002,333932,6780,0.5
1900-01-23 03:54:00,7959.0,309590,7959.5,291065,26194,2710,23484,18525,0.5
1900-01-23 03:54:15,7959.0,623588,7959.5,205404,2388,5102,-2714,418184,0.5
1900-01-23 03:54:30,7959.0,475237,7959.5,202508,1506,1,1505,272729,0.5
1900-01-23 03:54:45,7959.0,434623,7959.5,513760,3729,200,3529,-79137,0.5
1900-01-23 03:55:00,7959.0,244145,7959.5,683907,5300,25286,-19986,-439762,0.5
1900-01-23 03:55:15,7955.5,1701236,7956.0,211673,3300,63415,-60115,1489563,0.5
1900-01-23 03:55:30,7955.5,1490982,7956.0,226299,51539,8037,43502,1264683,0.5
1900-01-23 03:55:45,7955.5,1634296,7956.0,140749,10761,5904,4857,1493547,0.5
1900-01-23 03:56:00,7955.5,465407,7956.0,977827,18814,69400,-50586,-512420,0.5
1900-01-23 03:56:15,7952.0,49499,7952.5,508247,926,169127,-168201,-458748,0.5
1900-01-23 03:56:30,7950.0,782309,7950.5,620216,19210,172217,-153007,162093,0.5
1900-01-23 03:56:45,7950.0,794433,7950.5,795741,6003,39069,-33066,-1308,0.5
1900-01-23 03:57:00,7950.0,779727,7950.5,844003,12801,6373,6428,-64276,0.5
1900-01-23 03:57:15,7950.0,697344,7950.5,849184,180,39770,-39590,-151840,0.5
1900-01-23 03:57:30,7950.0,695868,7950.5,809241,302,8436,-8134,-113373,0.5
1900-01-23 03:57:45,7950.0,834988,7950.5,616546,4204,40010,-35806,218442,0.5
1900-01-23 03:58:00,7950.0,1144467,7950.5,621680,28250,6700,21550,522787,0.5
1900-01-23 03:58:15,7950.0,1217974,7950.5,361853,30996,201,30795,856121,0.5
1900-01-23 03:58:30,7950.0,1240451,7950.5,289415,44450,5444,39006,951036,0.5
1900-01-23 03:58:45,7950.0,1172039,7950.5,342385,19170,1328,17842,829654,0.5
1900-01-23 03:59:00,7946.0,19781,7946.5,853234,194,257211,-257017,-833453,0.5
1900-01-23 03:59:15,7943.0,233005,7943.5,413500,26768,275464,-248696,-180495,0.5
1900-01-23 03:59:30,7940.5,9536,7941.0,383285,11562,92641,-81079,-373749,0.5
1900-01-23 03:59:45,7940.5,585915,7941.0,5740,114029,328403,-214374,580175,0.5
1900-01-23 04:00:00,7944.5,407416,7945.0,4990,75494,15568,59926,402426,0.5
1900-01-23 04:00:15,7949.5,43528,7950.0,1319934,187454,247847,-60393,-1276406,0.5
1900-01-23 04:00:30,7948.0,63639,7948.5,1541657,170355,92452,77903,-1478018,0.5
1900-01-23 04:00:45,7947.5,18137,7948.0,1344017,7122,102622,-95500,-1325880,0.5
1900-01-23 04:01:00,7947.5,136538,7948.0,1992738,48349,199274,-150925,-1856200,0.5
1900-01-23 04:01:15,7943.0,44383,7943.5,1028416,5250,139198,-133948,-984033,0.5
1900-01-23 04:01:30,7938.5,306618,7939.0,489937,85338,220224,-134886,-183319,0.5
1900-01-23 04:01:45,7936.0,425464,7936.5,307997,13706,198185,-184479,117467,0.5
1900-01-23 04:02:00,7934.0,17509,7934.5,835967,14889,568634,-553745,-818458,0.5
1900-01-23 04:02:15,7930.0,17227,7930.5,772015,16158,454280,-438122,-754788,0.5
1900-01-23 04:02:30,7925.5,150209,7926.0,6249,31386,113220,-81834,143960,0.5
1900-01-23 04:02:45,7923.5,64226,7924.0,1146456,82962,285227,-202265,-1082230,0.5
1900-01-23 04:03:00,7915.0,6000,7916.0,31564,196264,650561,-454297,-25564,1.0
1900-01-23 04:03:15,7924.5,11295,7925.0,1457146,77064,220630,-143566,-1445851,0.5
1900-01-23 04:03:30,7931.5,125609,7932.0,421986,326253,112660,213593,-296377,0.5
1900-01-23 04:03:45,7927.0,12,7928.0,409804,204687,85453,119234,-409792,1.0
1900-01-23 04:04:00,7923.5,426107,7924.0,726640,899232,110966,788266,-300533,0.5
1900-01-23 04:04:15,7923.5,2709550,7924.0,129090,761535,93182,668353,2580460,0.5
1900-01-23 04:04:30,7921.0,393224,7921.5,1715071,222259,168882,53377,-1321847,0.5
1900-01-23 04:04:45,7918.0,392059,7918.5,1028912,36321,360221,-323900,-636853,0.5
1900-01-23 04:05:00,7916.0,11555,7916.5,1318399,20149,116633,-96484,-1306844,0.5
1900-01-23 04:05:15,7912.0,409250,7912.5,377593,114981,166214,-51233,31657,0.5
1900-01-23 04:05:30,7912.5,46506,7914.5,1059455,253144,283984,-30840,-1012949,2.0
1900-01-23 04:05:45,7907.0,143023,7907.5,127320,30174,789312,-759138,15703,0.5
1900-01-23 04:06:00,7909.0,218890,7910.0,65035,231480,302987,-71507,153855,1.0
1900-01-23 04:06:15,7905.5,55,7906.0,265367,207544,210554,-3010,-265312,0.5
1900-01-23 04:06:30,7873.5,16345,7875.0,25000,45131,4946024,-4900893,-8655,1.5
1900-01-23 04:06:45,7850.0,1887645,7857.5,17829,1016238,6348728,-5332490,1869816,7.5
1900-01-23 04:07:00,7882.0,5900,7884.0,1000,3780320,418065,3362255,4900,2.0
1900-01-23 04:07:15,7879.0,358544,7879.5,982876,495463,154268,341195,-624332,0.5
1900-01-23 04:07:30,7882.5,1039460,7883.0,129115,798728,188779,609949,910345,0.5
1900-01-23 04:07:45,7889.0,552763,7889.5,185302,602476,135503,466973,367461,0.5
1900-01-23 04:08:00,7894.0,87833,7894.5,6000,367222,212756,154466,81833,0.5
1900-01-23 04:08:15,7894.0,868078,7894.5,420255,252853,25165,227688,447823,0.5
1900-01-23 04:08:30,7900.0,102900,7900.5,293185,408023,234244,173779,-190285,0.5
1900-01-23 04:08:45,7900.0,1279939,7900.5,81295,195240,137587,57653,1198644,0.5
1900-01-23 04:09:00,7903.0,1354083,7903.5,65992,552391,74759,477632,1288091,0.5
1900-01-23 04:09:15,7904.5,1467650,7905.0,167226,615934,3363,612571,1300424,0.5
1900-01-23 04:09:30,7903.5,812481,7904.0,16158,92641,614738,-522097,796323,0.5
1900-01-23 04:09:45,7906.5,457030,7907.0,852633,451258,40380,410878,-395603,0.5
1900-01-23 04:10:00,7907.5,645130,7908.0,334971,335044,145706,189338,310159,0.5
1900-01-23 04:10:15,7911.0,522102,7911.5,58841,504950,15729,489221,463261,0.5
1900-01-23 04:10:30,7911.5,1396413,7912.0,236458,187273,7600,179673,1159955,0.5
1900-01-23 04:10:45,7914.5,291654,7915.0,29034,700618,8997,691621,262620,0.5
1900-01-23 04:11:00,7916.0,1345865,7916.5,46810,60512,12755,47757,1299055,0.5
1900-01-23 04:11:15,7915.5,184254,7916.0,1008166,144135,83161,60974,-823912,0.5
1900-01-23 04:11:30,7913.0,199112,7913.5,430210,37125,157881,-120756,-231098,0.5
1900-01-23 04:11:45,7915.5,644288,7916.0,42509,66905,221206,-154301,601779,0.5
1900-01-23 04:12:00,7916.5,1022664,7917.0,214267,130198,63407,66791,808397,0.5
1900-01-23 04:12:15,7923.5,64099,7924.0,121984,111969,94504,17465,-57885,0.5
1900-01-23 04:12:30,7934.0,118592,7934.5,401266,178640,58685,119955,-282674,0.5
1900-01-23 04:12:45,7932.5,229869,7933.0,483271,122954,105385,17569,-253402,0.5
1900-01-23 04:13:00,7929.0,184755,7929.5,36781,116603,127816,-11213,147974,0.5
1900-01-23 04:13:15,7932.5,1066809,7933.0,140688,98508,61562,36946,926121,0.5
1900-01-23 04:13:30,7934.5,968786,7935.0,148550,172584,66959,105625,820236,0.5
1900-01-23 04:13:45,7935.5,1306142,7936.0,167517,141802,3264,138538,1138625,0.5
1900-01-23 04:14:00,7937.0,236767,7937.5,796111,152489,378014,-225525,-559344,0.5
1900-01-23 04:14:15,7937.0,294458,7937.5,603539,157040,357969,-200929,-309081,0.5
1900-01-23 04:14:30,7937.0,134971,7937.5,686690,75744,94571,-18827,-551719,0.5
1900-01-23 04:14:45,7934.5,13781,7935.0,867030,8580,83094,-74514,-853249,0.5
1900-01-23 04:15:00,7928.0,29690,7928.5,399549,10311,335456,-325145,-369859,0.5
1900-01-23 04:15:15,7926.5,46732,7927.0,301341,10311,114382,-104071,-254609,0.5
1900-01-23 04:15:30,7931.0,951027,7931.5,37471,47569,160901,-113332,913556,0.5
1900-01-23 04:15:45,7934.0,955711,7934.5,301840,384251,52877,331374,653871,0.5
1900-01-23 04:16:00,7934.0,1050148,7934.5,65935,18661,21628,-2967,984213,0.5
1900-01-23 04:16:15,7934.0,653453,7934.5,224655,22243,1771,20472,428798,0.5
1900-01-23 04:16:30,7934.0,769085,7934.5,13524,42050,4809,37241,755561,0.5
1900-01-23 04:16:45,7946.5,183808,7947.0,123217,170517,48114,122403,60591,0.5
1900-01-23 04:17:00,7941.5,977311,7942.0,260463,151587,70729,80858,716848,0.5
1900-01-23 04:17:15,7947.0,952774,7947.5,63869,97726,19584,78142,888905,0.5
1900-01-23 04:17:30,7949.5,327524,7950.0,256559,263254,6463,256791,70965,0.5
1900-01-23 04:17:45,7942.0,935379,7942.5,21075,84384,81988,2396,914304,0.5
1900-01-23 04:18:00,7942.5,98106,7943.0,724993,44166,173923,-129757,-626887,0.5
1900-01-23 04:18:15,7941.5,976224,7942.0,359668,21301,43117,-21816,616556,0.5
1900-01-23 04:18:30,7940.5,906996,7941.0,221084,42459,240688,-198229,685912,0.5
1900-01-23 04:18:45,7939.0,527942,7939.5,278704,71562,288961,-217399,249238,0.5
1900-01-23 04:19:00,7939.0,134384,7939.5,1013188,3014,22688,-19674,-878804,0.5
1900-01-23 04:19:15,7940.5,296228,7941.0,591379,15191,165839,-150648,-295151,0.5
1900-01-23 04:19:30,7940.5,665171,7941.0,276692,126198,168322,-42124,388479,0.5
1900-01-23 04:19:45,7941.0,891261,7941.5,122533,91165,28020,63145,768728,0.5
1900-01-23 04:20:00,7941.0,585204,7941.5,518377,3175,20633,-17458,66827,0.5
1900-01-23 04:20:15,7941.5,845993,7942.0,258800,22122,3041,19081,587193,0.5
1900-01-23 04:20:30,7941.5,992179,7942.0,475104,64267,3041,61226,517075,0.5
1900-01-23 04:20:45,7943.5,924974,7944.0,53195,95089,2394,92695,871779,0.5
1900-01-23 04:21:00,7943.5,981573,7944.0,502618,8985,2934,6051,478955,0.5
1900-01-23 04:21:15,7943.5,1047883,7944.0,482413,66194,820,65374,565470,0.5
1900-01-23 04:21:30,7943.5,1267033,7944.0,487617,4130,3419,711,779416,0.5
1900-01-23 04:21:45,7940.0,329529,7940.5,468669,19791,636770,-616979,-139140,0.5
1900-01-23 04:22:00,7937.5,176288,7938.0,277507,67237,211388,-144151,-101219,0.5
1900-01-23 04:22:15,7937.5,148387,7938.0,436230,1104,206627,-205523,-287843,0.5
1900-01-23 04:22:30,7936.5,839806,7937.0,313705,1206,109780,-108574,526101,0.5
1900-01-23 04:22:45,7936.5,278877,7937.0,465354,11294,37872,-26578,-186477,0.5
1900-01-23 04:23:00,7940.5,690629,7941.0,347790,2291,42535,-40244,342839,0.5
1900-01-23 04:23:15,7940.5,47655,7941.0,907781,10731,124553,-113822,-860126,0.5
1900-01-23 04:23:30,7939.0,19635,7940.0,707372,3000,149716,-146716,-687737,1.0
1900-01-23 04:23:45,7938.0,1226957,7938.5,144779,26592,37278,-10686,1082178,0.5
1900-01-23 04:24:00,7938.0,1378120,7938.5,94015,28422,150801,-122379,1284105,0.5
1900-01-23 04:24:15,7939.0,1267028,7939.5,47881,61692,11860,49832,1219147,0.5
1900-01-23 04:24:30,7939.0,334419,7939.5,554665,23827,87077,-63250,-220246,0.5
1900-01-23 04:24:45,7939.0,190936,7939.5,663553,170,103070,-102900,-472617,0.5
1900-01-23 04:25:00,7938.0,206823,7938.5,560511,211,150244,-150033,-353688,0.5
1900-01-23 04:25:15,7935.5,6697,7936.0,1234573,101,162061,-161960,-1227876,0.5
1900-01-23 04:25:30,7934.5,26442,7935.0,806661,3783,67726,-63943,-780219,0.5
1900-01-23 04:25:45,7934.5,484524,7935.0,546700,5100,121318,-116218,-62176,0.5
1900-01-23 04:26:00,7933.5,17071,7934.0,772958,22100,61364,-39264,-755887,0.5
1900-01-23 04:26:15,7933.5,150557,7934.0,733935,11100,23173,-12073,-583378,0.5
1900-01-23 04:26:30,7932.0,29476,7932.5,1003529,15384,107747,-92363,-974053,0.5
1900-01-23 04:26:45,7925.5,115665,7926.0,58240,6231,42213,-35982,57425,0.5
1900-01-23 04:27:00,7929.5,846815,7930.0,21027,120274,125800,-5526,825788,0.5
1900-01-23 04:27:15,7929.5,573213,7930.0,241287,12732,17800,-5068,331926,0.5
1900-01-23 04:27:30,7930.5,1291424,7931.0,135493,209127,58852,150275,1155931,0.5
1900-01-23 04:27:45,7933.0,878374,7933.5,395466,9185,1000,8185,482908,0.5
1900-01-23 04:28:00,7936.5,1053224,7937.0,264977,48342,1213,47129,788247,0.5
1900-01-23 04:28:15,7939.0,1621362,7939.5,106845,32545,700,31845,1514517,0.5
1900-01-23 04:28:30,7940.5,581357,7941.0,32816,24776,15276,9500,548541,0.5
1900-01-23 04:28:45,7944.0,379591,7944.5,808124,56033,21083,34950,-428533,0.5
1900-01-23 04:29:00,7943.5,659900,7944.0,381007,57526,41280,16246,278893,0.5
1900-01-23 04:29:15,7943.5,616562,7944.0,636682,60111,62683,-2572,-20120,0.5
1900-01-23 04:29:30,7943.5,1003515,7944.0,435375,55348,12963,42385,568140,0.5
1900-01-23 04:29:45,7943.5,649726,7944.0,695535,10810,20900,-10090,-45809,0.5
1900-01-23 04:30:00,7943.5,771561,7944.0,701095,255781,1863,253918,70466,0.5
1900-01-23 04:30:15,7944.5,1128473,7947.0,319882,67134,25639,41495,808591,2.5
1900-01-23 04:30:30,7946.5,398407,7947.0,2051028,104086,62800,41286,-1652621,0.5
1900-01-23 04:30:45,7946.5,855800,7947.0,1720448,19770,11300,8470,-864648,0.5
1900-01-23 04:31:00,7946.5,290464,7947.0,2040325,49710,13481,36229,-1749861,0.5
1900-01-23 04:31:15,7943.5,134726,7944.0,575376,4416,106167,-101751,-440650,0.5
1900-01-23 04:31:30,7943.5,99655,7944.0,692508,2000,14251,-12251,-592853,0.5
1900-01-23 04:31:45,7943.5,1130350,7944.0,4926,6880,27347,-20467,1125424,0.5
1900-01-23 04:32:00,7943.5,804564,7944.0,94643,68220,2010,66210,709921,0.5
1900-01-23 04:32:15,7946.5,384269,7947.0,479778,18874,21963,-3089,-95509,0.5
1900-01-23 04:32:30,7945.0,1099722,7945.5,172541,12360,24991,-12631,927181,0.5
1900-01-23 04:32:45,7948.0,191944,7948.5,13149,236462,60,236402,178795,0.5
1900-01-23 04:33:00,7959.5,845791,7960.0,519234,451659,49500,402159,326557,0.5
1900-01-23 04:33:15,7956.0,159167,7956.5,608318,120950,121851,-901,-449151,0.5
1900-01-23 04:33:30,7959.5,121663,7960.0,2068785,52680,189169,-136489,-1947122,0.5
1900-01-23 04:33:45,7959.0,282840,7959.5,571880,60409,44065,16344,-289040,0.5
1900-01-23 04:34:00,7946.5,259222,7947.0,127745,20002,99626,-79624,131477,0.5
1900-01-23 04:34:15,7953.0,85648,7953.5,596929,32523,87848,-55325,-511281,0.5
1900-01-23 04:34:30,7949.0,1120124,7949.5,483418,22739,181173,-158434,636706,0.5
1900-01-23 04:34:45,7950.0,1767575,7950.5,5440,1298062,25607,1272455,1762135,0.5
1900-01-23 04:35:00,7954.0,957400,7954.5,15785,36418,4428,31990,941615,0.5
1900-01-23 04:35:15,7956.0,440715,7956.5,691111,76871,29292,47579,-250396,0.5
1900-01-23 04:35:30,7956.0,35042,7956.5,876866,9331,50223,-40892,-841824,0.5
1900-01-23 04:35:45,7955.0,631716,7955.5,127683,16119,26495,-10376,504033,0.5
1900-01-23 04:36:00,7955.0,758495,7955.5,146165,6773,36150,-29377,612330,0.5
1900-01-23 04:36:15,7955.0,61373,7955.5,703474,200,35446,-35246,-642101,0.5
1900-01-23 04:36:30,7954.5,4213,7955.0,926218,1723,41065,-39342,-922005,0.5
1900-01-23 04:36:45,7954.5,781687,7955.0,303819,1591,76854,-75263,477868,0.5
1900-01-23 04:37:00,7955.0,1268477,7955.5,56949,79145,26115,53030,1211528,0.5
1900-01-23 04:37:15,7955.0,1288052,7955.5,834,84049,14050,69999,1287218,0.5
1900-01-23 04:37:30,7955.5,157003,7956.0,706497,8565,48201,-39636,-549494,0.5
1900-01-23 04:37:45,7955.5,791066,7956.0,176448,8505,24684,-16179,614618,0.5
1900-01-23 04:38:00,7953.0,36793,7953.5,917573,12750,131333,-118583,-880780,0.5
1900-01-23 04:38:15,7952.5,7840,7953.0,929180,14438,51930,-37492,-921340,0.5
1900-01-23 04:38:30,7950.5,84926,7951.0,944086,14053,59812,-45759,-859160,0.5
1900-01-23 04:38:45,7948.5,1890,7949.0,1037251,25032,88591,-63559,-1035361,0.5
1900-01-23 04:39:00,7948.5,711249,7949.0,359207,16234,16793,-559,352042,0.5
1900-01-23 04:39:15,7948.5,1158294,7949.0,134424,94972,12848,82124,1023870,0.5
1900-01-23 04:39:30,7948.5,1362840,7949.0,81503,10923,5664,5259,1281337,0.5
1900-01-23 04:39:45,7948.5,47215,7949.0,774534,13203,57778,-44575,-727319,0.5
1900-01-23 04:40:00,7946.5,202372,7947.0,421552,4775,26709,-21934,-219180,0.5
1900-01-23 04:40:15,7943.0,901422,7943.5,425114,9000,54870,-45870,476308,0.5
1900-01-23 04:40:30,7945.0,391619,7945.5,392636,154057,34011,120046,-1017,0.5
1900-01-23 04:40:45,7945.0,407321,7945.5,624827,39944,38964,980,-217506,0.5
1900-01-23 04:41:00,7944.5,3848,7945.0,439253,35810,95365,-59555,-435405,0.5
1900-01-23 04:41:15,7940.0,755624,7940.5,559399,12134,18085,-5951,196225,0.5
1900-01-23 04:41:30,7940.0,1224792,7940.5,174545,57845,51855,5990,1050247,0.5
1900-01-23 04:41:45,7940.5,1380885,7941.0,286881,76484,1380,75104,1094004,0.5
1900-01-23 04:42:00,7940.5,165664,7941.0,904968,30110,18356,11754,-739304,0.5
1900-01-23 04:42:15,7940.5,26135,7941.0,941053,10353,118324,-107971,-914918,0.5
1900-01-23 04:42:30,7940.5,711581,7941.0,475774,7992,105362,-97370,235807,0.5
1900-01-23 04:42:45,7940.5,336141,7941.0,917797,1500,6000,-4500,-581656,0.5
1900-01-23 04:43:00,7940.5,201566,7941.0,809891,115,20804,-20689,-608325,0.5
1900-01-23 04:43:15,7940.5,577702,7941.0,422876,10295,10509,-214,154826,0.5
1900-01-23 04:43:30,7940.5,204648,7941.0,1143217,15931,47239,-31308,-938569,0.5
1900-01-23 04:43:45,7939.0,141088,7939.5,911479,5600,25899,-20299,-770391,0.5
1900-01-23 04:44:00,7937.5,79019,7938.0,1051755,16141,175943,-159802,-972736,0.5
1900-01-23 04:44:15,7935.0,89871,7935.5,1173933,3599,213990,-210391,-1084062,0.5
1900-01-23 04:44:30,7935.0,222323,7935.5,1029254,82215,42603,39612,-806931,0.5
1900-01-23 04:44:45,7933.0,1193741,7933.5,45715,123931,36753,87178,1148026,0.5
1900-01-23 04:45:00,7933.0,164795,7933.5,625306,144935,188895,-43960,-460511,0.5
1900-01-23 04:45:15,7930.0,226966,7930.5,645362,41156,397380,-356224,-418396,0.5
1900-01-23 04:45:30,7933.0,174856,7933.5,918444,234120,27982,206138,-743588,0.5
1900-01-23 04:45:45,7934.5,752592,7935.0,2175,16862,15158,1704,750417,0.5
1900-01-23 04:46:00,7935.0,59104,7935.5,433843,71734,159907,-88173,-374739,0.5
1900-01-23 04:46:15,7934.5,331269,7935.0,793680,39969,106860,-66891,-462411,0.5
1900-01-23 04:46:30,7934.5,234237,7935.0,718788,84453,2611,81842,-484551,0.5
1900-01-23 04:46:45,7939.0,627478,7939.5,18915,38799,6663,32136,608563,0.5
1900-01-23 04:47:00,7939.0,522500,7939.5,453493,32282,62094,-29812,69007,0.5
1900-01-23 04:47:15,7942.5,529377,7943.0,9094,219124,2600,216524,520283,0.5
1900-01-23 04:47:30,7944.5,703443,7945.0,98425,169357,20,169337,605018,0.5
1900-01-23 04:47:45,7944.5,1064690,7945.0,2954,20352,2100,18252,1061736,0.5
1900-01-23 04:48:00,7945.5,1295033,7946.0,56965,19308,1150,18158,1238068,0.5
1900-01-23 04:48:15,7943.5,64398,7944.0,1059951,1300,135826,-134526,-995553,0.5
1900-01-23 04:48:30,7942.5,77181,7943.0,750659,720,17494,-16774,-673478,0.5
1900-01-23 04:48:45,7942.5,32116,7943.0,793732,4935,27487,-22552,-761616,0.5
1900-01-23 04:49:00,7941.0,58889,7941.5,713314,11372,16707,-5335,-654425,0.5
1900-01-23 04:49:15,7941.0,756624,7941.5,891016,1649,17954,-16305,-134392,0.5
1900-01-23 04:49:30,7941.0,1154103,7941.5,516551,55,683,-628,637552,0.5
1900-01-23 04:49:45,7941.0,1438344,7941.5,237696,26211,18668,7543,1200648,0.5
1900-01-23 04:50:00,7944.5,807805,7945.0,18735,116497,18668,97829,789070,0.5
1900-01-23 04:50:15,7944.5,1340821,7945.0,27650,3838,41,3797,1313171,0.5
1900-01-23 04:50:30,7947.5,728067,7948.0,1922622,36459,2521,33938,-1194555,0.5
1900-01-23 04:50:45,7949.5,357594,7950.0,231258,1238220,28000,1210220,126336,0.5
1900-01-23 04:51:00,7949.5,1014627,7950.0,567318,139197,28000,111197,447309,0.5
1900-01-23 04:51:15,7949.5,334216,7950.0,655797,23553,44148,-20595,-321581,0.5
1900-01-23 04:51:30,7949.5,1145334,7950.0,154599,7629,6393,1236,990735,0.5
1900-01-23 04:51:45,7950.0,1454438,7950.5,26806,22481,1000,21481,1427632,0.5
1900-01-23 04:52:00,7951.5,348890,7952.0,669149,62709,20800,41909,-320259,0.5
1900-01-23 04:52:15,7951.5,330715,7952.0,589811,50241,51500,-1259,-259096,0.5
1900-01-23 04:52:30,7951.5,1073165,7952.0,66014,58740,15001,43739,1007151,0.5
1900-01-23 04:52:45,7953.5,1862902,7954.0,11812,56734,2021,54713,1851090,0.5
1900-01-23 04:53:00,7953.5,1439744,7954.0,151,2261,32632,-30371,1439593,0.5
1900-01-23 04:53:15,7954.5,983142,7955.0,139117,14589,611,13978,844025,0.5
1900-01-23 04:53:30,7954.5,247023,7955.0,785569,28446,15118,13328,-538546,0.5
1900-01-23 04:53:45,7954.5,66073,7955.0,946382,4182,154245,-150063,-880309,0.5
1900-01-23 04:54:00,7954.5,270663,7955.0,889642,11071,6157,4914,-618979,0.5
1900-01-23 04:54:15,7954.5,206558,7955.0,998673,100,47829,-47729,-792115,0.5
1900-01-23 04:54:30,7954.5,4030,7955.0,1091139,5046,30486,-25440,-1087109,0.5
1900-01-23 04:54:45,7952.5,1276505,7953.0,131948,162433,25360,137073,1144557,0.5
1900-01-23 04:55:00,7953.5,1332209,7954.0,38773,70129,15712,54417,1293436,0.5
1900-01-23 04:55:15,7956.0,1976483,7956.5,237405,253540,21056,232484,1739078,0.5
1900-01-23 04:55:30,7956.5,1934396,7957.0,113217,290895,8051,282844,1821179,0.5
1900-01-23 04:55:45,7956.5,975438,7957.0,155471,101096,11244,89852,819967,0.5
1900-01-23 04:56:00,7953.5,35826,7954.0,823882,26816,86865,-60049,-788056,0.5
1900-01-23 04:56:15,7953.0,862779,7953.5,685478,4776,11266,-6490,177301,0.5
1900-01-23 04:56:30,7953.0,235512,7953.5,752829,14253,106316,-92063,-517317,0.5
1900-01-23 04:56:45,7953.0,491759,7953.5,753758,123,19952,-19829,-261999,0.5
1900-01-23 04:57:00,7953.0,1210670,7953.5,250188,31,63101,-63070,960482,0.5
1900-01-23 04:57:15,7953.0,586488,7953.5,797645,23595,83135,-59540,-211157,0.5
1900-01-23 04:57:30,7953.0,502630,7953.5,805069,23595,23604,-9,-302439,0.5
1900-01-23 04:57:45,7953.0,455227,7953.5,501756,11996,35124,-23128,-46529,0.5
1900-01-23 04:58:00,7953.0,517728,7953.5,525298,16600,10670,5930,-7570,0.5
1900-01-23 04:58:15,7953.0,260675,7953.5,677270,1180,4000,-2820,-416595,0.5
1900-01-23 04:58:30,7953.0,53438,7953.5,692192,2500,12816,-10316,-638754,0.5
1900-01-23 04:58:45,7952.0,266783,7952.5,1017405,2010,63832,-61822,-750622,0.5
1900-01-23 04:59:00,7950.0,48725,7950.5,971364,2010,123818,-121808,-922639,0.5
1900-01-23 04:59:15,7950.0,959482,7950.5,224328,6611,26452,-19841,735154,0.5
1900-01-23 04:59:30,7950.0,1334243,7950.5,256910,22673,2528,20145,1077333,0.5
1900-01-23 04:59:45,7950.0,1317050,7950.5,209901,81651,3624,78027,1107149,0.5
1900-01-23 05:00:00,7950.0,1765352,7950.5,64866,34212,29210,5002,1700486,0.5
1900-01-23 05:00:15,7953.0,1734085,7953.5,91742,50152,9819,40333,1642343,0.5
1900-01-23 05:00:30,7955.0,1693485,7955.5,13703,59225,10001,49224,1679782,0.5
1900-01-23 05:00:45,7957.5,947044,7958.0,226061,140242,1,140241,720983,0.5
1900-01-23 05:01:00,7959.5,931697,7960.0,393381,242203,11978,230225,538316,0.5
1900-01-23 05:01:15,7959.5,1154117,7960.0,595093,141047,13317,127730,559024,0.5
1900-01-23 05:01:30,7964.0,892557,7964.5,4596,198822,23493,175329,887961,0.5
1900-01-23 05:01:45,7964.0,20,7964.5,116608,140054,557909,-417855,-116588,0.5
1900-01-23 05:02:00,7958.5,405805,7959.0,217454,21934,86379,-64445,188351,0.5
1900-01-23 05:02:15,7958.5,393940,7959.0,610752,11783,1200,10583,-216812,0.5
1900-01-23 05:02:30,7956.0,30031,7956.5,820723,2923,58617,-55694,-790692,0.5
1900-01-23 05:02:45,7955.0,464290,7955.5,757507,9930,42863,-32933,-293217,0.5
1900-01-23 05:03:00,7955.0,1039702,7955.5,526765,9250,51835,-42585,512937,0.5
1900-01-23 05:03:15,7955.0,412816,7955.5,1052628,9850,31627,-21777,-639812,0.5
1900-01-23 05:03:30,7955.0,1012272,7955.5,249660,20530,7119,13411,762612,0.5
1900-01-23 05:03:45,7955.0,405451,7955.5,934530,200,7510,-7310,-529079,0.5
1900-01-23 05:04:00,7955.0,275661,7955.5,978056,239,110100,-109861,-702395,0.5
1900-01-23 05:04:15,7955.0,341679,7955.5,949228,12000,44800,-32800,-607549,0.5
1900-01-23 05:04:30,7955.0,224559,7955.5,980970,155,6178,-6023,-756411,0.5
1900-01-23 05:04:45,7952.0,47639,7952.5,1012444,12,133383,-133371,-964805,0.5
1900-01-23 05:05:00,7952.0,115071,7952.5,1030991,365,16908,-16543,-915920,0.5
1900-01-23 05:05:15,7952.0,439555,7952.5,755128,550,23501,-22951,-315573,0.5
1900-01-23 05:05:30,7952.0,429577,7952.5,682560,1060,7355,-6295,-252983,0.5
1900-01-23 05:05:45,7951.5,42521,7952.0,865724,7587,3455,4132,-823203,0.5
1900-01-23 05:06:00,7951.0,849437,7951.5,232341,26664,18128,8536,617096,0.5
1900-01-23 05:06:15,7951.0,257542,7951.5,740492,7394,31050,-23656,-482950,0.5
1900-01-23 05:06:30,7951.0,348969,7951.5,707526,21608,94,21514,-358557,0.5
1900-01-23 05:06:45,7951.0,795452,7951.5,327567,20388,4050,16338,467885,0.5
1900-01-23 05:07:00,7951.0,389005,7951.5,723173,2862,32675,-29813,-334168,0.5
1900-01-23 05:07:15,7951.0,757759,7951.5,361244,7400,31140,-23740,396515,0.5
1900-01-23 05:07:30,7951.0,801860,7951.5,218196,118798,28100,90698,583664,0.5
1900-01-23 05:07:45,7951.0,850222,7951.5,471257,2300,4541,-2241,378965,0.5
1900-01-23 05:08:00,7951.0,105162,7951.5,942936,327,58969,-58642,-837774,0.5
1900-01-23 05:08:15,7950.0,581627,7950.5,743384,12251,60693,-48442,-161757,0.5
1900-01-23 05:08:30,7949.5,28844,7950.0,1106937,10500,59208,-48708,-1078093,0.5
1900-01-23 05:08:45,7946.5,7644,7947.0,877001,59491,503479,-443988,-869357,0.5
1900-01-23 05:09:00,7943.0,4123,7943.5,322123,25415,66529,-41114,-318000,0.5
1900-01-23 05:09:15,7942.5,229512,7943.0,1131813,33114,95043,-61929,-902301,0.5
1900-01-23 05:09:30,7942.0,309700,7942.5,942197,560,99831,-99271,-632497,0.5
1900-01-23 05:09:45,7942.0,1181129,7942.5,377243,5878,33326,-27448,803886,0.5
1900-01-23 05:10:00,7942.0,235321,7942.5,905588,23465,149545,-126080,-670267,0.5
1900-01-23 05:10:15,7942.0,180794,7942.5,988669,23465,78412,-54947,-807875,0.5
1900-01-23 05:10:30,7941.5,976781,7942.0,381671,29385,9424,19961,595110,0.5
1900-01-23 05:10:45,7941.5,1037325,7942.0,176856,79145,601,78544,860469,0.5
1900-01-23 05:11:00,7941.5,970596,7942.0,516580,13611,12502,1109,454016,0.5
1900-01-23 05:11:15,7941.5,651108,7942.0,840004,12838,50,12788,-188896,0.5
1900-01-23 05:11:30,7941.5,543264,7942.0,826932,870,118841,-117971,-283668,0.5
1900-01-23 05:11:45,7941.5,713821,7942.0,342406,43230,120443,-77213,371415,0.5
1900-01-23 05:12:00,7944.5,989564,7945.0,38963,102227,73038,29189,950601,0.5
1900-01-23 05:12:15,7945.0,1220357,7945.5,14044,24117,100,24017,1206313,0.5
1900-01-23 05:12:30,7946.0,1643368,7946.5,51118,40216,3000,37216,1592250,0.5
1900-01-23 05:12:45,7949.0,1044721,7949.5,9882,37659,23667,13992,1034839,0.5
1900-01-23 05:13:00,7949.5,1065446,7950.0,150520,57532,2530,55002,914926,0.5
1900-01-23 05:13:15,7950.5,943731,7951.0,341588,32076,2530,29546,602143,0.5
1900-01-23 05:13:30,7950.5,473341,7951.0,1000817,6443,2100,4343,-527476,0.5
1900-01-23 05:13:45,7950.5,259589,7951.0,1078215,560,122112,-121552,-818626,0.5
1900-01-23 05:14:00,7950.5,69559,7951.0,1145532,51500,137485,-85985,-1075973,0.5
1900-01-23 05:14:15,7950.5,77332,7951.0,1327172,11000,34942,-23942,-1249840,0.5
1900-01-23 05:14:30,7950.0,250560,7950.5,933207,500,138937,-138437,-682647,0.5
1900-01-23 05:14:45,7950.0,436831,7950.5,905359,9006,1100,7906,-468528,0.5
1900-01-23 05:15:00,7952.5,1098519,7953.0,298845,142319,40166,102153,799674,0.5
1900-01-23 05:15:15,7952.5,1600795,7953.0,389073,11975,40166,-28191,1211722,0.5
1900-01-23 05:15:30,7952.5,1441348,7953.0,282668,132332,21461,110871,1158680,0.5
1900-01-23 05:15:45,7952.5,216605,7953.0,928170,5590,21491,-15901,-711565,0.5
1900-01-23 05:16:00,7950.0,216124,7950.5,879315,5423,45966,-40543,-663191,0.5
1900-01-23 05:16:15,7948.5,12015,7949.0,854557,1633,23566,-21933,-842542,0.5
1900-01-23 05:16:30,7947.5,594691,7948.0,856796,87,6351,-6264,-262105,0.5
1900-01-23 05:16:45,7947.5,203242,7948.0,937514,9576,12446,-2870,-734272,0.5
1900-01-23 05:17:00,7947.5,93231,7948.0,1040876,4310,84229,-79919,-947645,0.5
1900-01-23 05:17:15,7947.5,282701,7948.0,944781,790,3997,-3207,-662080,0.5
1900-01-23 05:17:30,7945.0,258759,7945.5,861717,1440,102469,-101029,-602958,0.5
1900-01-23 05:17:45,7945.0,1297773,7945.5,387124,9726,7300,2426,910649,0.5
1900-01-23 05:18:00,7945.0,556018,7945.5,808936,12322,9481,2841,-252918,0.5
1900-01-23 05:18:15,7945.0,243803,7945.5,815191,5750,884,4866,-571388,0.5
1900-01-23 05:18:30,7942.0,985739,7942.5,425410,35150,51080,-15930,560329,0.5
1900-01-23 05:18:45,7940.5,221677,7941.0,682036,73736,97054,-23318,-460359,0.5
1900-01-23 05:19:00,7940.0,333909,7940.5,976407,10145,317839,-307694,-642498,0.5
1900-01-23 05:19:15,7940.0,1168655,7940.5,498836,14742,7099,7643,669819,0.5
1900-01-23 05:19:30,7940.0,958200,7940.5,366114,2,42155,-42153,592086,0.5
1900-01-23 05:19:45,7940.0,376042,7940.5,932442,14505,29228,-14723,-556400,0.5
1900-01-23 05:20:00,7940.0,761,7940.5,1309127,18537,101328,-82791,-1308366,0.5
1900-01-23 05:20:15,7936.0,189819,7936.5,664816,18203,89167,-70964,-474997,0.5
1900-01-23 05:20:30,7935.0,69438,7935.5,1078275,14438,130127,-115689,-1008837,0.5
1900-01-23 05:20:45,7934.0,443381,7934.5,926261,5100,160183,-155083,-482880,0.5
1900-01-23 05:21:00,7934.0,861216,7934.5,946914,8554,129819,-121265,-85698,0.5
1900-01-23 05:21:15,7934.0,1791408,7934.5,23490,50546,28970,21576,1767918,0.5
1900-01-23 05:21:30,7940.0,274649,7940.5,34015,140938,4510,136428,240634,0.5
1900-01-23 05:21:45,7942.0,1257063,7942.5,43254,28055,22000,6055,1213809,0.5
