time,bid,bidSize,ask,askSize,buyMO,sellMO,buySellImb,orderImb,spread
1900-01-25 00:00:00,7877.5,578830,7878.5,7614,41693,1634,40059,571216,1.0
1900-01-25 00:00:15,7881.0,628416,7881.5,15263,149762,17483,132279,613153,0.5
1900-01-25 00:00:30,7883.5,380157,7884.0,521835,146071,42623,103448,-141678,0.5
1900-01-25 00:00:45,7881.0,509490,7881.5,673364,115127,90013,25114,-163874,0.5
1900-01-25 00:01:00,7880.5,241592,7881.0,562990,17192,69442,-52250,-321398,0.5
1900-01-25 00:01:15,7880.5,74967,7881.0,1200991,77808,22637,55171,-1126024,0.5
1900-01-25 00:01:30,7879.0,1621,7879.5,30806,21835,69573,-47738,-29185,0.5
1900-01-25 00:01:45,7877.0,211098,7877.5,408965,2376,64498,-62122,-197867,0.5
1900-01-25 00:02:00,7877.0,158603,7877.5,626268,17589,46129,-28540,-467665,0.5
1900-01-25 00:02:15,7877.0,105770,7877.5,1094537,7370,36182,-28812,-988767,0.5
1900-01-25 00:02:30,7871.0,143216,7871.5,665548,19468,65989,-46521,-522332,0.5
1900-01-25 00:02:45,7870.0,317951,7870.5,367920,13911,110554,-96643,-49969,0.5
1900-01-25 00:03:00,7870.0,197650,7870.5,1131801,1555,129185,-127630,-934151,0.5
1900-01-25 00:03:15,7870.0,692284,7870.5,180351,482387,48254,434133,511933,0.5
1900-01-25 00:03:30,7872.5,541311,7873.0,1099724,151389,34353,117036,-558413,0.5
1900-01-25 00:03:45,7872.5,467029,7873.0,1055384,41758,55335,-13577,-588355,0.5
1900-01-25 00:04:00,7868.0,30159,7868.5,1057184,6806,91331,-84525,-1027025,0.5
1900-01-25 00:04:15,7861.0,53982,7861.5,96425,4101,159496,-155395,-42443,0.5
1900-01-25 00:04:30,7857.5,264188,7858.0,937042,18127,619864,-601737,-672854,0.5
1900-01-25 00:04:45,7861.5,172395,7862.0,1011252,143220,246282,-103062,-838857,0.5
1900-01-25 00:05:00,7861.5,742829,7862.0,626812,45019,67126,-22107,116017,0.5
1900-01-25 00:05:15,7861.5,288325,7862.0,1536698,60670,147598,-86928,-1248373,0.5
1900-01-25 00:05:30,7857.5,18018,7858.0,299046,189998,216466,-26468,-281028,0.5
1900-01-25 00:05:45,7852.5,234244,7853.0,1088583,3633,723386,-719753,-854339,0.5
1900-01-25 00:06:00,7839.0,2,7839.5,1736750,79527,1549680,-1470153,-1736748,0.5
1900-01-25 00:06:15,7837.0,130957,7837.5,294502,501355,597266,-95911,-163545,0.5
1900-01-25 00:06:30,7832.5,257029,7833.0,403323,473720,472247,1473,-146294,0.5
1900-01-25 00:06:45,7859.5,122985,7860.0,843171,902054,79520,822534,-720186,0.5
1900-01-25 00:07:00,7849.0,676344,7849.5,383413,73610,110683,-37073,292931,0.5
1900-01-25 00:07:15,7849.0,471978,7849.5,545442,342015,120090,221925,-73464,0.5
1900-01-25 00:07:30,7849.5,1323484,7850.0,1084573,743738,49427,694311,238911,0.5
1900-01-25 00:07:45,7853.5,19997,7854.0,438341,812338,107114,705224,-418344,0.5
1900-01-25 00:08:00,7853.5,1241222,7854.0,238629,42949,38614,4335,1002593,0.5
1900-01-25 00:08:15,7856.5,1029476,7857.0,47906,308778,3349,305429,981570,0.5
1900-01-25 00:08:30,7859.5,864768,7860.0,311477,303623,18053,285570,553291,0.5
1900-01-25 00:08:45,7861.5,1081988,7862.0,24669,74614,44687,29927,1057319,0.5
1900-01-25 00:09:00,7863.0,628406,7863.5,427016,76380,4000,72380,201390,0.5
1900-01-25 00:09:15,7863.0,182356,7863.5,935814,137354,234398,-97044,-753458,0.5
1900-01-25 00:09:30,7859.5,462067,7860.0,585929,54882,88539,-33657,-123862,0.5
1900-01-25 00:09:45,7859.5,46917,7860.0,1104783,15381,54261,-38880,-1057866,0.5
1900-01-25 00:10:00,7859.5,155892,7860.0,1337278,10948,141048,-130100,-1181386,0.5
1900-01-25 00:10:15,7857.0,148549,7857.5,1280666,12368,129296,-116928,-1132117,0.5
1900-01-25 00:10:30,7854.0,40867,7854.5,1559389,1700,150959,-149259,-1518522,0.5
1900-01-25 00:10:45,7850.0,187563,7850.5,1200592,4227,43916,-39689,-1013029,0.5
1900-01-25 00:11:00,7850.0,642114,7850.5,145339,77341,26164,51177,496775,0.5
1900-01-25 00:11:15,7850.0,35849,7850.5,1292093,77732,30805,46927,-1256244,0.5
1900-01-25 00:11:30,7848.0,83530,7848.5,1009492,10065,38501,-28436,-925962,0.5
1900-01-25 00:11:45,7848.0,52226,7848.5,1250485,291,55547,-55256,-1198259,0.5
1900-01-25 00:12:00,7846.5,62507,7847.0,1402373,41174,52141,-10967,-1339866,0.5
1900-01-25 00:12:15,7844.5,15144,7845.0,1267930,150,61399,-61249,-1252786,0.5
1900-01-25 00:12:30,7841.5,10349,7842.0,1358635,502,58375,-57873,-1348286,0.5
1900-01-25 00:12:45,7841.5,553875,7842.0,47732,264558,155620,108938,506143,0.5
1900-01-25 00:13:00,7844.0,1203534,7844.5,31553,770294,18960,751334,1171981,0.5
1900-01-25 00:13:15,7849.5,666201,7850.0,497197,125790,7313,118477,169004,0.5
1900-01-25 00:13:30,7849.5,562770,7850.0,540459,96421,10785,85636,22311,0.5
1900-01-25 00:13:45,7849.5,564023,7850.0,851340,9901,13024,-3123,-287317,0.5
1900-01-25 00:14:00,7844.0,116341,7844.5,854730,4640,83671,-79031,-738389,0.5
1900-01-25 00:14:15,7844.0,644912,7844.5,210206,113422,113648,-226,434706,0.5
1900-01-25 00:14:30,7845.5,653781,7846.0,490087,51691,15334,36357,163694,0.5
1900-01-25 00:14:45,7845.5,318771,7846.0,816243,49514,110110,-60596,-497472,0.5
1900-01-25 00:15:00,7845.5,1034841,7846.0,124864,22302,39600,-17298,909977,0.5
1900-01-25 00:15:15,7845.5,1281877,7846.0,150501,45110,20018,25092,1131376,0.5
1900-01-25 00:15:30,7848.5,891476,7849.0,148426,88511,1,88510,743050,0.5
1900-01-25 00:15:45,7852.0,401248,7852.5,75302,68166,4726,63440,325946,0.5
1900-01-25 00:16:00,7858.5,939817,7859.0,106320,145724,2564,143160,833497,0.5
1900-01-25 00:16:15,7862.0,977009,7862.5,640723,373111,9836,363275,336286,0.5
1900-01-25 00:16:30,7862.0,941832,7862.5,828881,20064,16575,3489,112951,0.5
1900-01-25 00:16:45,7865.0,1154691,7865.5,153495,398646,13099,385547,1001196,0.5
1900-01-25 00:17:00,7863.5,199402,7864.0,977617,97211,223875,-126664,-778215,0.5
1900-01-25 00:17:15,7862.0,729205,7862.5,853937,16616,23776,-7160,-124732,0.5
1900-01-25 00:17:30,7862.0,248785,7862.5,965762,10689,346431,-335742,-716977,0.5
1900-01-25 00:17:45,7862.0,1138389,7862.5,359579,30887,127695,-96808,778810,0.5
1900-01-25 00:18:00,7862.0,33788,7862.5,1274432,38408,441963,-403555,-1240644,0.5
1900-01-25 00:18:15,7864.5,545574,7865.0,521764,59158,15709,43449,23810,0.5
1900-01-25 00:18:30,7866.0,1129445,7866.5,8421,97628,54650,42978,1121024,0.5
1900-01-25 00:18:45,7866.5,1576084,7867.0,131346,170523,10,170513,1444738,0.5
1900-01-25 00:19:00,7867.5,2633,7868.0,683581,227013,18148,208865,-680948,0.5
1900-01-25 00:19:15,7864.5,1694921,7865.0,261257,420460,10881,409579,1433664,0.5
1900-01-25 00:19:30,7864.5,2762623,7865.0,7787,192146,46,192100,2754836,0.5
1900-01-25 00:19:45,7870.5,43986,7871.0,1345648,62216,7034,55182,-1301662,0.5
1900-01-25 00:20:00,7867.5,339015,7868.0,633194,38667,69034,-30367,-294179,0.5
1900-01-25 00:20:15,7863.0,919660,7863.5,783294,8178,108252,-100074,136366,0.5
1900-01-25 00:20:30,7868.5,1095794,7869.0,158988,424817,22957,401860,936806,0.5
1900-01-25 00:20:45,7868.5,347587,7869.0,762977,350150,16638,333512,-415390,0.5
1900-01-25 00:21:00,7868.5,1040146,7869.0,159107,70212,6010,64202,881039,0.5
1900-01-25 00:21:15,7873.0,216217,7873.5,1213375,128471,46100,82371,-997158,0.5
1900-01-25 00:21:30,7873.0,308562,7873.5,1111122,18903,33181,-14278,-802560,0.5
1900-01-25 00:21:45,7868.5,6814038,7869.0,570845,158560,176416,-17856,6243193,0.5
1900-01-25 00:22:00,7868.5,6829754,7869.0,535446,45125,235,44890,6294308,0.5
1900-01-25 00:22:15,7868.5,11859,7869.0,1333453,50501,31671,18830,-1321594,0.5
1900-01-25 00:22:30,7868.0,26749,7868.5,1071741,12453,57694,-45241,-1044992,0.5
1900-01-25 00:22:45,7863.0,17196,7863.5,1252697,1,118900,-118899,-1235501,0.5
1900-01-25 00:23:00,7862.0,139321,7862.5,686787,1980,18484,-16504,-547466,0.5
1900-01-25 00:23:15,7859.0,14456,7859.5,856996,2282,126296,-124014,-842540,0.5
1900-01-25 00:23:30,7857.5,11307,7858.0,874569,1156,26853,-25697,-863262,0.5
1900-01-25 00:23:45,7856.0,1152082,7856.5,686118,11370,23743,-12373,465964,0.5
1900-01-25 00:24:00,7856.0,1124584,7856.5,611487,68710,27162,41548,513097,0.5
1900-01-25 00:24:15,7852.0,44190,7852.5,786189,12045,71480,-59435,-741999,0.5
1900-01-25 00:24:30,7848.0,265675,7848.5,833775,133,142317,-142184,-568100,0.5
1900-01-25 00:24:45,7848.0,476493,7848.5,1046508,15093,20482,-5389,-570015,0.5
1900-01-25 00:25:00,7849.0,449856,7849.5,492310,162344,31409,130935,-42454,0.5
1900-01-25 00:25:15,7854.0,340189,7854.5,44945,170364,7666,162698,295244,0.5
1900-01-25 00:25:30,7845.5,11506,7846.0,729307,40882,145666,-104784,-717801,0.5
1900-01-25 00:25:45,7841.0,206943,7841.5,505528,28771,424767,-395996,-298585,0.5
1900-01-25 00:26:00,7839.5,999065,7840.0,361228,252606,203020,49586,637837,0.5
1900-01-25 00:26:15,7839.5,520822,7840.0,744499,67181,28699,38482,-223677,0.5
1900-01-25 00:26:30,7835.0,612390,7835.5,326328,40551,381095,-340544,286062,0.5
1900-01-25 00:26:45,7830.0,708903,7830.5,407570,42295,281602,-239307,301333,0.5
1900-01-25 00:27:00,7836.0,11000,7836.5,249475,170948,69182,101766,-238475,0.5
1900-01-25 00:27:15,7841.5,150981,7842.0,1100279,135426,26955,108471,-949298,0.5
1900-01-25 00:27:30,7842.5,788740,7843.0,81242,40621,11747,28874,707498,0.5
1900-01-25 00:27:45,7842.5,138443,7843.0,1119710,181554,103225,78329,-981267,0.5
1900-01-25 00:28:00,7842.5,617145,7843.0,54672,103806,17385,86421,562473,0.5
1900-01-25 00:28:15,7845.0,153781,7845.5,1000079,23935,6151,17784,-846298,0.5
1900-01-25 00:28:30,7842.5,746,7843.0,1465312,7242,39131,-31889,-1464566,0.5
1900-01-25 00:28:45,7850.0,629752,7850.5,30131,366989,49108,317881,599621,0.5
1900-01-25 00:29:00,7847.5,7074,7848.0,60348,128481,179939,-51458,-53274,0.5
1900-01-25 00:29:15,7850.0,841837,7850.5,319200,49603,32289,17314,522637,0.5
1900-01-25 00:29:30,7852.0,632346,7852.5,66527,132087,9318,122769,565819,0.5
1900-01-25 00:29:45,7852.0,1004521,7852.5,387502,67039,7518,59521,617019,0.5
1900-01-25 00:30:00,7852.0,1184987,7852.5,333756,76789,4132,72657,851231,0.5
1900-01-25 00:30:15,7853.5,996603,7854.0,62054,279560,31320,248240,934549,0.5
1900-01-25 00:30:30,7858.0,1191773,7858.5,81356,74613,5601,69012,1110417,0.5
1900-01-25 00:30:45,7858.0,1086872,7858.5,372946,34321,25850,8471,713926,0.5
1900-01-25 00:31:00,7865.5,841812,7866.0,249472,230675,60584,170091,592340,0.5
1900-01-25 00:31:15,7855.0,336492,7855.5,150420,30207,51519,-21312,186072,0.5
1900-01-25 00:31:30,7862.0,1073488,7862.5,308686,77277,28076,49201,764802,0.5
1900-01-25 00:31:45,7862.0,993793,7862.5,162699,169090,1807,167283,831094,0.5
1900-01-25 00:32:00,7862.0,1432195,7862.5,5114,59553,1157,58396,1427081,0.5
1900-01-25 00:32:15,7863.0,240491,7863.5,567738,42543,13102,29441,-327247,0.5
1900-01-25 00:32:30,7861.5,30054,7862.0,980487,62219,325358,-263139,-950433,0.5
1900-01-25 00:32:45,7857.5,1251503,7858.0,155630,10722,22882,-12160,1095873,0.5
1900-01-25 00:33:00,7864.0,56056,7864.5,655778,111176,3286,107890,-599722,0.5
1900-01-25 00:33:15,7864.0,1262050,7864.5,101507,62778,11630,51148,1160543,0.5
1900-01-25 00:33:30,7864.0,211666,7864.5,628539,103829,1149,102680,-416873,0.5
1900-01-25 00:33:45,7864.0,1002472,7864.5,376303,26672,42152,-15480,626169,0.5
1900-01-25 00:34:00,7864.0,1245705,7864.5,273506,72269,13160,59109,972199,0.5
1900-01-25 00:34:15,7871.5,155333,7872.0,403748,92182,6001,86181,-248415,0.5
1900-01-25 00:34:30,7870.5,190044,7871.0,1039103,193178,35142,158036,-849059,0.5
1900-01-25 00:34:45,7870.5,885194,7871.0,1162800,4517,75742,-71225,-277606,0.5
1900-01-25 00:35:00,7870.5,1646488,7871.0,594068,19278,12160,7118,1052420,0.5
1900-01-25 00:35:15,7870.5,1294478,7871.0,321904,120063,59641,60422,972574,0.5
1900-01-25 00:35:30,7870.5,827535,7871.0,1729047,42645,25611,17034,-901512,0.5
1900-01-25 00:35:45,7870.5,116657,7871.0,1860354,17300,531853,-514553,-1743697,0.5
1900-01-25 00:36:00,7868.0,37087,7868.5,1112850,9263,59774,-50511,-1075763,0.5
1900-01-25 00:36:15,7865.5,1319147,7866.0,22441,11851,33376,-21525,1296706,0.5
1900-01-25 00:36:30,7867.0,1436372,7867.5,8447,26972,37853,-10881,1427925,0.5
1900-01-25 00:36:45,7869.5,1137105,7870.0,4987,95871,4,95867,1132118,0.5
1900-01-25 00:37:00,7869.5,319514,7870.0,897273,7152,3940,3212,-577759,0.5
1900-01-25 00:37:15,7869.5,707515,7870.0,977938,62133,4232,57901,-270423,0.5
1900-01-25 00:37:30,7869.5,802758,7870.0,613067,56198,20421,35777,189691,0.5
1900-01-25 00:37:45,7868.5,10830,7869.0,846748,945,1545,-600,-835918,0.5
1900-01-25 00:38:00,7862.0,987845,7862.5,367927,3486,26654,-23168,619918,0.5
1900-01-25 00:38:15,7862.0,1270986,7862.5,67922,54800,171131,-116331,1203064,0.5
1900-01-25 00:38:30,7866.0,961282,7866.5,112995,83946,6500,77446,848287,0.5
1900-01-25 00:38:45,7866.0,1148780,7866.5,40511,19650,450,19200,1108269,0.5
1900-01-25 00:39:00,7866.0,964983,7866.5,337339,35965,10980,24985,627644,0.5
1900-01-25 00:39:15,7866.0,30497,7866.5,1060257,7151,17230,-10079,-1029760,0.5
1900-01-25 00:39:30,7866.0,102185,7866.5,887519,200,486,-286,-785334,0.5
1900-01-25 00:39:45,7868.0,699558,7869.0,25416,98355,17452,80903,674142,1.0
1900-01-25 00:40:00,7876.0,349604,7876.5,79177,205795,5258,200537,270427,0.5
1900-01-25 00:40:15,7878.5,348654,7879.0,623675,185554,28554,157000,-275021,0.5
1900-01-25 00:40:30,7879.0,1493298,7879.5,411191,191740,149261,42479,1082107,0.5
1900-01-25 00:40:45,7879.0,117212,7879.5,1336292,173885,24855,149030,-1219080,0.5
1900-01-25 00:41:00,7879.0,1044528,7879.5,1036713,19215,12980,6235,7815,0.5
1900-01-25 00:41:15,7879.0,188658,7879.5,1167355,52732,42172,10560,-978697,0.5
1900-01-25 00:41:30,7879.0,539790,7879.5,1151091,28000,69878,-41878,-611301,0.5
1900-01-25 00:41:45,7879.0,578915,7879.5,1167221,12500,4716,7784,-588306,0.5
1900-01-25 00:42:00,7879.0,1390473,7879.5,916979,45491,28551,16940,473494,0.5
1900-01-25 00:42:15,7879.0,892745,7879.5,913987,1000,1409,-409,-21242,0.5
1900-01-25 00:42:30,7879.0,847690,7879.5,886849,3468,114246,-110778,-39159,0.5
1900-01-25 00:42:45,7878.0,4161,7878.5,745203,8450,215650,-207200,-741042,0.5
1900-01-25 00:43:00,7877.0,252246,7877.5,962773,22298,50210,-27912,-710527,0.5
1900-01-25 00:43:15,7877.0,1638256,7877.5,292846,176582,22162,154420,1345410,0.5
1900-01-25 00:43:30,7879.5,1512682,7880.0,1070,83900,20401,63499,1511612,0.5
1900-01-25 00:43:45,7882.5,745013,7883.0,562506,89296,400,88896,182507,0.5
1900-01-25 00:44:00,7881.5,502568,7882.0,728070,30614,225474,-194860,-225502,0.5
1900-01-25 00:44:15,7877.5,165158,7878.0,674348,7945,62439,-54494,-509190,0.5
1900-01-25 00:44:30,7877.0,155076,7877.5,672568,34024,162398,-128374,-517492,0.5
1900-01-25 00:44:45,7877.0,18143,7877.5,759947,7902,20188,-12286,-741804,0.5
1900-01-25 00:45:00,7874.0,1347,7874.5,692571,7227,57994,-50767,-691224,0.5
1900-01-25 00:45:15,7869.0,19659,7869.5,652802,32636,50552,-17916,-633143,0.5
1900-01-25 00:45:30,7869.0,1369965,7869.5,35556,28540,15811,12729,1334409,0.5
1900-01-25 00:45:45,7874.5,725856,7875.0,589258,41764,13311,28453,136598,0.5
1900-01-25 00:46:00,7874.5,1048862,7875.0,12966,72380,94251,-21871,1035896,0.5
1900-01-25 00:46:15,7877.5,1064434,7878.0,199339,89162,2002,87160,865095,0.5
1900-01-25 00:46:30,7877.5,1148652,7878.0,78412,56002,559,55443,1070240,0.5
1900-01-25 00:46:45,7879.5,1129390,7880.0,9014,17143,1469,15674,1120376,0.5
1900-01-25 00:47:00,7876.5,4508,7877.0,639520,10091,18993,-8902,-635012,0.5
1900-01-25 00:47:15,7876.0,783001,7876.5,144141,16270,20037,-3767,638860,0.5
1900-01-25 00:47:30,7876.0,234978,7876.5,428889,43858,31396,12462,-193911,0.5
1900-01-25 00:47:45,7874.5,17360,7875.0,989055,800,17622,-16822,-971695,0.5
1900-01-25 00:48:00,7869.5,15843,7870.0,775149,10531,81152,-70621,-759306,0.5
1900-01-25 00:48:15,7866.5,910539,7867.0,239905,5856,187919,-182063,670634,0.5
1900-01-25 00:48:30,7866.5,42201,7867.0,1116849,12227,29420,-17193,-1074648,0.5
1900-01-25 00:48:45,7863.0,625410,7863.5,245719,8987,126279,-117292,379691,0.5
1900-01-25 00:49:00,7863.0,480411,7863.5,1045987,11650,38670,-27020,-565576,0.5
1900-01-25 00:49:15,7861.0,171191,7861.5,986996,1777,154598,-152821,-815805,0.5
1900-01-25 00:49:30,7860.5,4992,7861.0,1022729,15640,208665,-193025,-1017737,0.5
1900-01-25 00:49:45,7859.5,788708,7860.0,244308,36392,53558,-17166,544400,0.5
1900-01-25 00:50:00,7859.5,265712,7860.0,843676,39109,57987,-18878,-577964,0.5
1900-01-25 00:50:15,7859.5,719027,7860.0,382737,8176,5550,2626,336290,0.5
1900-01-25 00:50:30,7866.0,271788,7866.5,4773,159491,1000,158491,267015,0.5
1900-01-25 00:50:45,7860.5,496191,7861.0,429481,20236,172028,-151792,66710,0.5
1900-01-25 00:51:00,7860.0,7857,7860.5,1265924,9700,64828,-55128,-1258067,0.5
1900-01-25 00:51:15,7859.5,58359,7860.0,839728,6200,33774,-27574,-781369,0.5
1900-01-25 00:51:30,7857.5,560986,7858.0,504463,70210,8949,61261,56523,0.5
1900-01-25 00:51:45,7857.5,605235,7858.0,247881,61020,14246,46774,357354,0.5
1900-01-25 00:52:00,7857.5,581807,7858.0,363668,4215,28563,-24348,218139,0.5
1900-01-25 00:52:15,7857.5,587342,7858.0,363317,85551,1040,84511,224025,0.5
1900-01-25 00:52:30,7857.5,694531,7858.0,198913,106399,144072,-37673,495618,0.5
1900-01-25 00:52:45,7857.5,415680,7858.0,498936,31463,12006,19457,-83256,0.5
1900-01-25 00:53:00,7857.5,626170,7858.0,430185,2750,500,2250,195985,0.5
1900-01-25 00:53:15,7855.5,131287,7856.0,1257101,979,185863,-184884,-1125814,0.5
1900-01-25 00:53:30,7853.5,121748,7854.0,1119934,1100,381777,-380677,-998186,0.5
1900-01-25 00:53:45,7853.0,509104,7853.5,266426,24345,72470,-48125,242678,0.5
1900-01-25 00:54:00,7852.5,31320,7853.0,1179707,7300,98900,-91600,-1148387,0.5
1900-01-25 00:54:15,7852.5,554097,7853.0,10544,22329,14904,7425,543553,0.5
1900-01-25 00:54:30,7856.5,542767,7857.0,42925,164082,22384,141698,499842,0.5
1900-01-25 00:54:45,7861.0,316788,7861.5,221039,71569,2540,69029,95749,0.5
1900-01-25 00:55:00,7861.0,453301,7861.5,142508,34988,30302,4686,310793,0.5
1900-01-25 00:55:15,7862.0,702345,7862.5,2778,59299,1030,58269,699567,0.5
1900-01-25 00:55:30,7866.5,462392,7867.0,30493,123138,1332,121806,431899,0.5
1900-01-25 00:55:45,7867.0,360817,7867.5,832549,27058,101,26957,-471732,0.5
1900-01-25 00:56:00,7869.5,934680,7870.0,2041,281535,4251,277284,932639,0.5
1900-01-25 00:56:15,7872.5,745241,7873.0,17071,94526,203,94323,728170,0.5
1900-01-25 00:56:30,7874.0,1101285,7874.5,63445,112032,2040,109992,1037840,0.5
1900-01-25 00:56:45,7874.5,531060,7875.0,54432,37498,20959,16539,476628,0.5
1900-01-25 00:57:00,7879.5,210785,7880.0,766640,10567,33127,-22560,-555855,0.5
1900-01-25 00:57:15,7876.5,3937,7877.0,707954,61114,55211,5903,-704017,0.5
1900-01-25 00:57:30,7876.5,239458,7877.0,816627,7944,74360,-66416,-577169,0.5
1900-01-25 00:57:45,7876.5,13945,7877.0,765084,39018,110008,-70990,-751139,0.5
1900-01-25 00:58:00,7876.5,1014719,7877.0,48076,57700,6021,51679,966643,0.5
1900-01-25 00:58:15,7877.0,92036,7877.5,1106446,53276,37224,16052,-1014410,0.5
1900-01-25 00:58:30,7877.0,817573,7877.5,445459,6498,26223,-19725,372114,0.5
1900-01-25 00:58:45,7877.0,107454,7877.5,865953,25276,24025,1251,-758499,0.5
1900-01-25 00:59:00,7876.0,758138,7876.5,385615,60798,39127,21671,372523,0.5
1900-01-25 00:59:15,7876.0,836016,7876.5,269461,22245,1201,21044,566555,0.5
1900-01-25 00:59:30,7876.0,120183,7876.5,686945,9907,2862,7045,-566762,0.5
1900-01-25 00:59:45,7876.0,1060509,7876.5,48097,7733,6643,1090,1012412,0.5
1900-01-25 01:00:00,7877.5,96261,7878.0,173921,96012,87040,8972,-77660,0.5
1900-01-25 01:00:15,7877.5,1216844,7878.0,28,85416,15087,70329,1216816,0.5
1900-01-25 01:00:30,7878.5,1198190,7879.0,72321,180850,15087,165763,1125869,0.5
1900-01-25 01:00:45,7884.0,815273,7884.5,46186,291070,1042,290028,769087,0.5
1900-01-25 01:01:00,7884.0,497085,7884.5,608927,77842,9111,68731,-111842,0.5
1900-01-25 01:01:15,7888.5,1454845,7889.0,41703,305852,17954,287898,1413142,0.5
1900-01-25 01:01:30,7898.5,172187,7899.0,109319,920933,17449,903484,62868,0.5
1900-01-25 01:01:45,7898.5,206875,7899.0,555865,205069,55054,150015,-348990,0.5
1900-01-25 01:02:00,7898.5,941355,7899.0,48391,266178,135605,130573,892964,0.5
1900-01-25 01:02:15,7899.5,1319275,7900.0,140015,417988,9241,408747,1179260,0.5
1900-01-25 01:02:30,7902.0,636159,7902.5,616614,611120,72426,538694,19545,0.5
1900-01-25 01:02:45,7900.5,1212521,7901.0,202734,89208,66012,23196,1009787,0.5
1900-01-25 01:03:00,7909.5,712341,7910.0,224716,376264,8341,367923,487625,0.5
1900-01-25 01:03:15,7909.5,846215,7910.0,761930,374451,60180,314271,84285,0.5
1900-01-25 01:03:30,7911.0,492894,7911.5,26510,233397,39689,193708,466384,0.5
1900-01-25 01:03:45,7910.0,562704,7910.5,655698,204049,350308,-146259,-92994,0.5
1900-01-25 01:04:00,7910.0,566133,7910.5,618740,211324,32792,178532,-52607,0.5
1900-01-25 01:04:15,7910.0,278450,7910.5,667251,700,184018,-183318,-388801,0.5
1900-01-25 01:04:30,7910.0,79528,7910.5,748289,19927,142235,-122308,-668761,0.5
1900-01-25 01:04:45,7910.0,1028752,7910.5,826378,1592,37688,-36096,202374,0.5
1900-01-25 01:05:00,7910.0,104243,7910.5,912283,7412,291895,-284483,-808040,0.5
1900-01-25 01:05:15,7904.0,86227,7904.5,543742,8572,203123,-194551,-457515,0.5
1900-01-25 01:05:30,7904.0,1382483,7904.5,167672,9708,121546,-111838,1214811,0.5
1900-01-25 01:05:45,7904.0,214662,7904.5,715028,29212,56128,-26916,-500366,0.5
1900-01-25 01:06:00,7902.5,94585,7903.0,1019175,5589,119602,-114013,-924590,0.5
1900-01-25 01:06:15,7900.0,48206,7900.5,727639,20020,251617,-231597,-679433,0.5
1900-01-25 01:06:30,7899.0,784271,7899.5,337374,30500,198213,-167713,446897,0.5
1900-01-25 01:06:45,7899.0,1426377,7899.5,250723,90407,89407,1000,1175654,0.5
1900-01-25 01:07:00,7904.0,778390,7904.5,30175,55188,10885,44303,748215,0.5
1900-01-25 01:07:15,7909.5,247446,7910.0,554526,42100,24671,17429,-307080,0.5
1900-01-25 01:07:30,7908.0,13233,7908.5,332626,27217,114759,-87542,-319393,0.5
1900-01-25 01:07:45,7907.5,77955,7908.0,629849,34879,52091,-17212,-551894,0.5
1900-01-25 01:08:00,7905.5,11850,7906.0,875148,23948,45009,-21061,-863298,0.5
1900-01-25 01:08:15,7905.5,84367,7906.0,884011,3512,28504,-24992,-799644,0.5
1900-01-25 01:08:30,7904.0,679527,7904.5,399153,21612,25288,-3676,280374,0.5
1900-01-25 01:08:45,7904.0,722884,7904.5,116609,69516,5212,64304,606275,0.5
1900-01-25 01:09:00,7904.0,940383,7904.5,672154,26035,11312,14723,268229,0.5
1900-01-25 01:09:15,7904.0,997717,7904.5,594203,23075,1700,21375,403514,0.5
1900-01-25 01:09:30,7904.0,918622,7904.5,534375,27540,3350,24190,384247,0.5
1900-01-25 01:09:45,7904.0,245647,7904.5,876947,4405,53703,-49298,-631300,0.5
1900-01-25 01:10:00,7904.0,941924,7904.5,388691,64632,18760,45872,553233,0.5
1900-01-25 01:10:15,7904.0,1217699,7904.5,149952,152269,13003,139266,1067747,0.5
1900-01-25 01:10:30,7905.0,1467007,7905.5,10288,47522,412,47110,1456719,0.5
1900-01-25 01:10:45,7907.0,949917,7907.5,77642,59614,25424,34190,872275,0.5
1900-01-25 01:11:00,7914.0,623774,7914.5,135075,201433,13120,188313,488699,0.5
1900-01-25 01:11:15,7910.5,269948,7912.0,28000,539119,364184,174935,241948,1.5
1900-01-25 01:11:30,7913.5,713249,7914.0,220,100045,111702,-11657,713029,0.5
1900-01-25 01:11:45,7917.5,573009,7918.0,475667,198212,51230,146982,97342,0.5
1900-01-25 01:12:00,7921.5,195135,7922.0,535446,187865,38377,149488,-340311,0.5
1900-01-25 01:12:15,7920.0,1103346,7920.5,537759,193369,150457,42912,565587,0.5
1900-01-25 01:12:30,7920.5,424604,7921.0,759891,191355,61272,130083,-335287,0.5
1900-01-25 01:12:45,7920.5,1887622,7921.0,390092,144783,32878,111905,1497530,0.5
1900-01-25 01:13:00,7920.5,1998630,7921.0,860040,75218,21691,53527,1138590,0.5
1900-01-25 01:13:15,7920.5,1228585,7921.0,381468,90206,19181,71025,847117,0.5
1900-01-25 01:13:30,7920.5,1027227,7921.0,734588,12002,109000,-96998,292639,0.5
1900-01-25 01:13:45,7920.5,898625,7921.0,1089772,19244,69632,-50388,-191147,0.5
1900-01-25 01:14:00,7920.5,427454,7921.0,1245887,3402,127073,-123671,-818433,0.5
1900-01-25 01:14:15,7916.0,506529,7916.5,530609,28834,226492,-197658,-24080,0.5
1900-01-25 01:14:30,7918.0,1309030,7918.5,229055,43616,46469,-2853,1079975,0.5
1900-01-25 01:14:45,7921.0,507045,7922.0,24999,398458,23750,374708,482046,1.0
1900-01-25 01:15:00,7937.5,102798,7938.0,8846,401336,12223,389113,93952,0.5
1900-01-25 01:15:15,7925.0,3000,7925.5,2068,125835,532670,-406835,932,0.5
1900-01-25 01:15:30,7928.5,1147832,7929.0,617018,133563,3588,129975,530814,0.5
1900-01-25 01:15:45,7929.5,43852,7930.0,1004668,38019,64920,-26901,-960816,0.5
1900-01-25 01:16:00,7926.0,26801,7926.5,831983,5533,579569,-574036,-805182,0.5
1900-01-25 01:16:15,7926.0,31122,7926.5,1325460,22074,86784,-64710,-1294338,0.5
1900-01-25 01:16:30,7925.5,13449,7926.0,1225807,3354,99922,-96568,-1212358,0.5
1900-01-25 01:16:45,7919.0,67416,7919.5,1041778,18466,222470,-204004,-974362,0.5
1900-01-25 01:17:00,7918.5,57496,7919.0,1591948,113811,156718,-42907,-1534452,0.5
1900-01-25 01:17:15,7916.0,56257,7916.5,1285573,3670,165165,-161495,-1229316,0.5
1900-01-25 01:17:30,7913.0,216804,7913.5,939255,12376,165989,-153613,-722451,0.5
1900-01-25 01:17:45,7912.5,100615,7913.0,1539620,54405,165024,-110619,-1439005,0.5
1900-01-25 01:18:00,7912.5,150268,7913.0,975013,200,92175,-91975,-824745,0.5
1900-01-25 01:18:15,7912.5,448414,7913.0,632207,6311,19913,-13602,-183793,0.5
1900-01-25 01:18:30,7913.0,483596,7913.5,4908,30724,13708,17016,478688,0.5
1900-01-25 01:18:45,7916.0,463488,7916.5,178436,40339,3028,37311,285052,0.5
1900-01-25 01:19:00,7916.5,821080,7917.0,35201,13488,102065,-88577,785879,0.5
1900-01-25 01:19:15,7919.0,305208,7919.5,850066,46616,6171,40445,-544858,0.5
1900-01-25 01:19:30,7919.5,395621,7920.0,828047,36960,16709,20251,-432426,0.5
1900-01-25 01:19:45,7917.5,139503,7918.0,198794,9773,13344,-3571,-59291,0.5
1900-01-25 01:20:00,7916.0,859988,7916.5,451498,2211,41871,-39660,408490,0.5
1900-01-25 01:20:15,7916.0,798624,7916.5,1356632,7054,52162,-45108,-558008,0.5
1900-01-25 01:20:30,7916.0,650809,7916.5,1119773,1600,23120,-21520,-468964,0.5
1900-01-25 01:20:45,7916.0,239542,7916.5,1524183,36607,503613,-467006,-1284641,0.5
1900-01-25 01:21:00,7914.0,160160,7914.5,1323608,3500,105546,-102046,-1163448,0.5
1900-01-25 01:21:15,7913.5,459305,7914.0,549835,181975,130709,51266,-90530,0.5
1900-01-25 01:21:30,7913.5,412108,7914.0,558813,20444,110749,-90305,-146705,0.5
1900-01-25 01:21:45,7913.5,171275,7914.0,1389216,21907,46173,-24266,-1217941,0.5
1900-01-25 01:22:00,7911.5,343262,7912.0,605729,750,108210,-107460,-262467,0.5
1900-01-25 01:22:15,7911.5,44211,7912.0,1173157,142,83035,-82893,-1128946,0.5
1900-01-25 01:22:30,7911.0,3207,7911.5,1451435,40786,21053,19733,-1448228,0.5
1900-01-25 01:22:45,7910.0,709590,7910.5,742199,7870,15485,-7615,-32609,0.5
1900-01-25 01:23:00,7910.0,250740,7910.5,1508119,36192,266825,-230633,-1257379,0.5
1900-01-25 01:23:15,7910.0,290170,7910.5,731728,36192,42095,-5903,-441558,0.5
1900-01-25 01:23:30,7905.5,239593,7906.0,1015841,100,300597,-300497,-776248,0.5
1900-01-25 01:23:45,7904.0,372729,7904.5,1534732,811,167960,-167149,-1162003,0.5
1900-01-25 01:24:00,7904.0,73315,7904.5,1761464,3181,284094,-280913,-1688149,0.5
1900-01-25 01:24:15,7900.5,26468,7901.0,1443493,2520,155061,-152541,-1417025,0.5
1900-01-25 01:24:30,7900.0,357639,7900.5,1395889,63532,110910,-47378,-1038250,0.5
1900-01-25 01:24:45,7900.0,24605,7900.5,1937751,3600,112581,-108981,-1913146,0.5
1900-01-25 01:25:00,7898.5,80712,7899.0,1177132,1720,35372,-33652,-1096420,0.5
1900-01-25 01:25:15,7898.5,210049,7899.0,1386587,5802,41264,-35462,-1176538,0.5
1900-01-25 01:25:30,7898.5,35762,7899.0,1592855,4370,28145,-23775,-1557093,0.5
1900-01-25 01:25:45,7898.0,59454,7898.5,1628522,26397,47081,-20684,-1569068,0.5
1900-01-25 01:26:00,7891.0,644959,7891.5,803947,11172,737159,-725987,-158988,0.5
1900-01-25 01:26:15,7896.0,244723,7896.5,1089978,99879,78406,21473,-845255,0.5
1900-01-25 01:26:30,7896.0,17390,7896.5,1179512,29667,104118,-74451,-1162122,0.5
1900-01-25 01:26:45,7895.5,113715,7896.0,522731,1039,57662,-56623,-409016,0.5
1900-01-25 01:27:00,7895.5,305137,7896.0,210746,22307,9060,13247,94391,0.5
1900-01-25 01:27:15,7898.0,466924,7898.5,326103,163606,6009,157597,140821,0.5
1900-01-25 01:27:30,7898.0,407662,7898.5,967273,13879,920,12959,-559611,0.5
1900-01-25 01:27:45,7898.0,198289,7898.5,1038703,86901,61284,25617,-840414,0.5
1900-01-25 01:28:00,7898.0,313977,7898.5,391009,12700,32664,-19964,-77032,0.5
1900-01-25 01:28:15,7898.0,384849,7898.5,424306,27097,20,27077,-39457,0.5
1900-01-25 01:28:30,7904.5,521933,7905.0,8494,204213,3361,200852,513439,0.5
1900-01-25 01:28:45,7906.0,319777,7906.5,635259,35118,47103,-11985,-315482,0.5
1900-01-25 01:29:00,7906.0,462276,7906.5,156610,72600,14311,58289,305666,0.5
1900-01-25 01:29:15,7906.0,904060,7906.5,792476,31360,1039,30321,111584,0.5
1900-01-25 01:29:30,7909.5,325099,7910.0,829003,90899,1100,89799,-503904,0.5
1900-01-25 01:29:45,7909.5,420673,7910.0,278516,92413,16348,76065,142157,0.5
1900-01-25 01:30:00,7909.5,15644,7910.0,1419563,4206,50671,-46465,-1403919,0.5
1900-01-25 01:30:15,7908.5,22,7909.0,729900,1500,16065,-14565,-729878,0.5
1900-01-25 01:30:30,7907.5,165397,7908.0,1145724,6630,83046,-76416,-980327,0.5
1900-01-25 01:30:45,7906.5,33842,7907.0,1334623,197,17608,-17411,-1300781,0.5
1900-01-25 01:31:00,7906.0,64828,7906.5,1224188,3083,7444,-4361,-1159360,0.5
1900-01-25 01:31:15,7906.0,24329,7906.5,1434799,3083,39244,-36161,-1410470,0.5
1900-01-25 01:31:30,7905.5,125295,7906.0,1307179,600,18311,-17711,-1181884,0.5
1900-01-25 01:31:45,7905.5,128394,7906.0,1378074,17,4238,-4221,-1249680,0.5
1900-01-25 01:32:00,7905.5,527891,7906.0,382898,50985,31691,19294,144993,0.5
1900-01-25 01:32:15,7905.5,640583,7906.0,298768,27541,4001,23540,341815,0.5
1900-01-25 01:32:30,7905.5,697338,7906.0,128681,32753,6984,25769,568657,0.5
1900-01-25 01:32:45,7909.0,614237,7909.5,626028,122080,4080,118000,-11791,0.5
1900-01-25 01:33:00,7909.0,206239,7909.5,1038164,32404,9489,22915,-831925,0.5
1900-01-25 01:33:15,7906.5,16204,7907.0,1149338,850,166901,-166051,-1133134,0.5
1900-01-25 01:33:30,7906.0,412281,7906.5,435168,13869,5566,8303,-22887,0.5
1900-01-25 01:33:45,7906.0,646638,7906.5,79271,15084,3662,11422,567367,0.5
1900-01-25 01:34:00,7906.0,335109,7906.5,1139827,9071,42289,-33218,-804718,0.5
1900-01-25 01:34:15,7906.0,740066,7906.5,197727,9176,7869,1307,542339,0.5
1900-01-25 01:34:30,7907.0,1311669,7907.5,3072,45029,555,44474,1308597,0.5
1900-01-25 01:34:45,7907.5,1229348,7908.0,31134,38117,44905,-6788,1198214,0.5
1900-01-25 01:35:00,7909.0,1126244,7909.5,39663,55417,44905,10512,1086581,0.5
1900-01-25 01:35:15,7910.5,930892,7911.0,578888,104695,100628,4067,352004,0.5
1900-01-25 01:35:30,7911.5,1233610,7912.0,35640,65849,100,65749,1197970,0.5
1900-01-25 01:35:45,7914.5,797083,7915.0,2192,66088,600,65488,794891,0.5
1900-01-25 01:36:00,7916.5,445023,7917.0,1205409,130239,5552,124687,-760386,0.5
1900-01-25 01:36:15,7916.5,590819,7917.0,883712,30994,2600,28394,-292893,0.5
1900-01-25 01:36:30,7917.0,1713221,7917.5,87693,74707,2600,72107,1625528,0.5
1900-01-25 01:36:45,7919.5,414388,7920.0,701679,108569,5600,102969,-287291,0.5
1900-01-25 01:37:00,7919.5,1362030,7920.0,289275,70762,12340,58422,1072755,0.5
1900-01-25 01:37:15,7919.5,976354,7920.0,1009570,12977,7854,5123,-33216,0.5
1900-01-25 01:37:30,7912.5,159886,7913.0,542521,12591,227877,-215286,-382635,0.5
1900-01-25 01:37:45,7912.5,1686406,7913.0,20747,23295,99423,-76128,1665659,0.5
1900-01-25 01:38:00,7915.0,1736222,7915.5,30949,7985,9613,-1628,1705273,0.5
1900-01-25 01:38:15,7918.5,208482,7919.0,748012,36994,2,36992,-539530,0.5
1900-01-25 01:38:30,7918.5,57037,7919.0,847629,21602,13679,7923,-790592,0.5
1900-01-25 01:38:45,7918.5,679731,7919.0,474662,36340,23701,12639,205069,0.5
1900-01-25 01:39:00,7918.5,13100,7919.0,863555,2294,135757,-133463,-850455,0.5
1900-01-25 01:39:15,7915.0,30200,7916.5,757827,21882,31981,-10099,-727627,1.5
1900-01-25 01:39:30,7913.0,83257,7913.5,583265,6463,25888,-19425,-500008,0.5
1900-01-25 01:39:45,7913.0,1037350,7913.5,154640,6187,36758,-30571,882710,0.5
1900-01-25 01:40:00,7913.0,1768397,7913.5,142517,9424,1388,8036,1625880,0.5
1900-01-25 01:40:15,7913.0,1418164,7913.5,278862,27455,3286,24169,1139302,0.5
1900-01-25 01:40:30,7913.0,574990,7913.5,572753,51974,52500,-526,2237,0.5
1900-01-25 01:40:45,7913.0,1124742,7913.5,215457,36550,2025,34525,909285,0.5
1900-01-25 01:41:00,7910.0,11102,7910.5,737118,1600,58858,-57258,-726016,0.5
1900-01-25 01:41:15,7909.5,711326,7910.0,392833,59624,199737,-140113,318493,0.5
1900-01-25 01:41:30,7908.0,147005,7908.5,1014124,2940,70820,-67880,-867119,0.5
1900-01-25 01:41:45,7905.0,122594,7905.5,1211679,3013,159228,-156215,-1089085,0.5
1900-01-25 01:42:00,7899.0,38622,7899.5,1070527,26519,166620,-140101,-1031905,0.5
1900-01-25 01:42:15,7896.0,198768,7896.5,1197240,35262,37411,-2149,-998472,0.5
1900-01-25 01:42:30,7894.0,14826,7894.5,932678,4047,166736,-162689,-917852,0.5
1900-01-25 01:42:45,7893.0,177217,7893.5,515305,15856,149399,-133543,-338088,0.5
1900-01-25 01:43:00,7892.0,28116,7892.5,1103713,13895,97591,-83696,-1075597,0.5
1900-01-25 01:43:15,7888.0,112684,7888.5,1191105,1250,183928,-182678,-1078421,0.5
1900-01-25 01:43:30,7889.0,127338,7889.5,1086153,208431,108883,99548,-958815,0.5
1900-01-25 01:43:45,7888.0,10529,7888.5,1549468,53846,108882,-55036,-1538939,0.5
1900-01-25 01:44:00,7888.0,102118,7888.5,1018159,1411,13972,-12561,-916041,0.5
1900-01-25 01:44:15,7888.0,70396,7888.5,1140874,15886,44953,-29067,-1070478,0.5
1900-01-25 01:44:30,7887.5,27611,7888.0,1121798,28005,23658,4347,-1094187,0.5
1900-01-25 01:44:45,7887.5,74640,7888.0,1031075,9681,51769,-42088,-956435,0.5
1900-01-25 01:45:00,7887.5,417074,7888.0,684667,11202,52355,-41153,-267593,0.5
1900-01-25 01:45:15,7887.5,260724,7888.0,789558,89200,8596,80604,-528834,0.5
1900-01-25 01:45:30,7889.0,172993,7889.5,690018,48459,20045,28414,-517025,0.5
1900-01-25 01:45:45,7889.0,76405,7889.5,1184640,55730,18022,37708,-1108235,0.5
1900-01-25 01:46:00,7887.5,87726,7888.0,1396961,11210,54679,-43469,-1309235,0.5
1900-01-25 01:46:15,7887.5,91001,7888.0,1206507,1000,19371,-18371,-1115506,0.5
1900-01-25 01:46:30,7887.5,101626,7888.0,1141495,54746,21730,33016,-1039869,0.5
1900-01-25 01:46:45,7887.0,255347,7887.5,1176121,15213,56919,-41706,-920774,0.5
1900-01-25 01:47:00,7885.5,164040,7886.0,933843,3180,69369,-66189,-769803,0.5
1900-01-25 01:47:15,7885.0,125845,7885.5,1290269,623,230423,-229800,-1164424,0.5
1900-01-25 01:47:30,7883.0,161370,7883.5,1261556,577,102958,-102381,-1100186,0.5
1900-01-25 01:47:45,7883.0,721640,7883.5,401555,17106,107748,-90642,320085,0.5
1900-01-25 01:48:00,7883.0,726241,7883.5,345209,12198,24771,-12573,381032,0.5
1900-01-25 01:48:15,7883.0,118210,7883.5,753830,32027,54371,-22344,-635620,0.5
1900-01-25 01:48:30,7883.0,320265,7883.5,529641,40325,25396,14929,-209376,0.5
1900-01-25 01:48:45,7883.0,536965,7883.5,261705,50969,4634,46335,275260,0.5
1900-01-25 01:49:00,7883.0,573365,7883.5,497863,10236,3725,6511,75502,0.5
1900-01-25 01:49:15,7883.0,421431,7883.5,579241,8100,3494,4606,-157810,0.5
1900-01-25 01:49:30,7883.0,194393,7883.5,786837,10300,34345,-24045,-592444,0.5
1900-01-25 01:49:45,7883.0,490861,7883.5,490242,1300,19616,-18316,619,0.5
1900-01-25 01:50:00,7883.0,68658,7883.5,1274836,25753,57769,-32016,-1206178,0.5
1900-01-25 01:50:15,7883.0,246384,7883.5,517417,60001,7771,52230,-271033,0.5
1900-01-25 01:50:30,7883.0,177634,7883.5,573914,2246,124329,-122083,-396280,0.5
1900-01-25 01:50:45,7883.0,281263,7883.5,751496,197,10800,-10603,-470233,0.5
1900-01-25 01:51:00,7883.0,123270,7883.5,734819,11000,24150,-13150,-611549,0.5
1900-01-25 01:51:15,7883.0,52162,7883.5,1016960,11000,20697,-9697,-964798,0.5
1900-01-25 01:51:30,7883.0,36178,7883.5,1296776,810,19993,-19183,-1260598,0.5
1900-01-25 01:51:45,7882.0,242168,7882.5,1353924,116,72534,-72418,-1111756,0.5
1900-01-25 01:52:00,7881.5,14503,7882.0,1176000,116,51069,-50953,-1161497,0.5
1900-01-25 01:52:15,7881.0,129919,7881.5,1421085,725,24506,-23781,-1291166,0.5
1900-01-25 01:52:30,7877.5,19527,7878.0,1421973,1150,147038,-145888,-1402446,0.5
1900-01-25 01:52:45,7871.0,473849,7871.5,5723942,6106,157550,-151444,-5250093,0.5
1900-01-25 01:53:00,7870.0,91292,7870.5,1287365,3994,256819,-252825,-1196073,0.5
1900-01-25 01:53:15,7868.0,302656,7868.5,859010,1199,184008,-182809,-556354,0.5
1900-01-25 01:53:30,7876.5,387628,7877.0,559390,109019,97703,11316,-171762,0.5
1900-01-25 01:53:45,7871.5,506796,7872.0,220193,48245,163365,-115120,286603,0.5
1900-01-25 01:54:00,7879.0,413807,7879.5,69709,172677,43405,129272,344098,0.5
1900-01-25 01:54:15,7879.5,1666806,7880.0,25920,47052,61119,-14067,1640886,0.5
1900-01-25 01:54:30,7887.5,560015,7888.0,24318,113806,1500,112306,535697,0.5
1900-01-25 01:54:45,7886.5,33367,7887.0,733377,109451,23632,85819,-700010,0.5
1900-01-25 01:55:00,7885.5,240312,7886.0,909401,8538,18614,-10076,-669089,0.5
1900-01-25 01:55:15,7885.5,684388,7886.0,322036,37866,13225,24641,362352,0.5
1900-01-25 01:55:30,7885.5,764539,7886.0,700442,52764,22060,30704,64097,0.5
1900-01-25 01:55:45,7885.5,890505,7886.0,89693,35826,13000,22826,800812,0.5
1900-01-25 01:56:00,7887.5,1057601,7888.0,98056,247338,31044,216294,959545,0.5
1900-01-25 01:56:15,7888.5,862120,7889.0,10869,67576,1,67575,851251,0.5
1900-01-25 01:56:30,7889.0,287992,7889.5,265927,112823,12188,100635,22065,0.5
1900-01-25 01:56:45,7889.0,418437,7889.5,247346,23316,6307,17009,171091,0.5
1900-01-25 01:57:00,7889.0,73912,7889.5,1011297,4083,17591,-13508,-937385,0.5
1900-01-25 01:57:15,7885.5,65737,7886.0,803899,21861,40350,-18489,-738162,0.5
1900-01-25 01:57:30,7864.0,192439,7864.5,746403,43469,661598,-618129,-553964,0.5
1900-01-25 01:57:45,7862.0,282168,7862.5,198607,125192,427302,-302110,83561,0.5
1900-01-25 01:58:00,7860.0,220850,7860.5,443941,289762,224817,64945,-223091,0.5
1900-01-25 01:58:15,7856.5,85375,7857.0,639838,73815,196622,-122807,-554463,0.5
1900-01-25 01:58:30,7849.0,56441,7849.5,1342956,86773,1398353,-1311580,-1286515,0.5
1900-01-25 01:58:45,7856.0,387125,7856.5,229988,408925,407452,1473,157137,0.5
1900-01-25 01:59:00,7856.0,414186,7856.5,187111,168649,29529,139120,227075,0.5
1900-01-25 01:59:15,7858.5,92959,7859.0,1030603,132453,98920,33533,-937644,0.5
1900-01-25 01:59:30,7855.0,77032,7855.5,904740,64774,60698,4076,-827708,0.5
1900-01-25 01:59:45,7852.0,395775,7852.5,509161,33776,147947,-114171,-113386,0.5
1900-01-25 02:00:00,7855.5,236390,7856.0,22164,223087,33737,189350,214226,0.5
1900-01-25 02:00:15,7860.0,822832,7860.5,63048,34174,7435,26739,759784,0.5
1900-01-25 02:00:30,7861.0,459251,7861.5,175990,336992,19894,317098,283261,0.5
1900-01-25 02:00:45,7863.5,725029,7864.0,27685,178109,7983,170126,697344,0.5
1900-01-25 02:01:00,7867.5,152494,7868.0,896668,149269,41028,108241,-744174,0.5
1900-01-25 02:01:15,7870.0,286309,7870.5,1050132,58239,32531,25708,-763823,0.5
1900-01-25 02:01:30,7862.5,28828,7863.0,574813,70218,50325,19893,-545985,0.5
1900-01-25 02:01:45,7859.5,10926,7860.0,1484610,26543,88060,-61517,-1473684,0.5
1900-01-25 02:02:00,7863.0,346622,7863.5,74541,144672,158002,-13330,272081,0.5
1900-01-25 02:02:15,7863.0,134703,7863.5,548419,40426,30094,10332,-413716,0.5
1900-01-25 02:02:30,7863.0,721370,7863.5,49563,49941,2000,47941,671807,0.5
1900-01-25 02:02:45,7862.5,32452,7863.0,824835,46391,41832,4559,-792383,0.5
1900-01-25 02:03:00,7859.0,81193,7859.5,1291363,13614,77844,-64230,-1210170,0.5
1900-01-25 02:03:15,7862.5,153873,7863.0,1036657,94289,18550,75739,-882784,0.5
1900-01-25 02:03:30,7862.5,620423,7863.0,435933,12815,22000,-9185,184490,0.5
1900-01-25 02:03:45,7862.5,504687,7863.0,660524,12200,17843,-5643,-155837,0.5
1900-01-25 02:04:00,7863.5,933909,7864.0,23347,402759,6051,396708,910562,0.5
1900-01-25 02:04:15,7866.5,528398,7867.0,609108,35618,150,35468,-80710,0.5
1900-01-25 02:04:30,7866.5,29855,7867.0,2073157,8496,16045,-7549,-2043302,0.5
1900-01-25 02:04:45,7863.0,652607,7863.5,106637,66831,39416,27415,545970,0.5
1900-01-25 02:05:00,7863.0,315728,7863.5,1218484,14614,12476,2138,-902756,0.5
1900-01-25 02:05:15,7863.0,641805,7863.5,751158,200251,62048,138203,-109353,0.5
1900-01-25 02:05:30,7863.5,692480,7864.0,62138,68785,130730,-61945,630342,0.5
1900-01-25 02:05:45,7865.0,378078,7865.5,749243,34215,29,34186,-371165,0.5
1900-01-25 02:06:00,7865.0,721034,7865.5,872170,10530,17029,-6499,-151136,0.5
1900-01-25 02:06:15,7865.0,215760,7865.5,1207103,990,86547,-85557,-991343,0.5
1900-01-25 02:06:30,7860.0,81898,7860.5,1272603,38746,281575,-242829,-1190705,0.5
1900-01-25 02:06:45,7855.5,73935,7856.0,467135,11136,135454,-124318,-393200,0.5
1900-01-25 02:07:00,7854.0,316806,7854.5,797889,11224,42346,-31122,-481083,0.5
1900-01-25 02:07:15,7854.0,518747,7854.5,354049,24313,14895,9418,164698,0.5
1900-01-25 02:07:30,7854.0,713355,7854.5,298333,5367,200,5167,415022,0.5
1900-01-25 02:07:45,7854.0,240963,7854.5,1136398,15836,125965,-110129,-895435,0.5
1900-01-25 02:08:00,7852.0,16255,7852.5,1169772,5424,31791,-26367,-1153517,0.5
1900-01-25 02:08:15,7851.0,439798,7851.5,384374,29163,32429,-3266,55424,0.5
1900-01-25 02:08:30,7851.0,191682,7851.5,619049,20040,41878,-21838,-427367,0.5
1900-01-25 02:08:45,7851.0,656691,7851.5,226045,124880,37331,87549,430646,0.5
1900-01-25 02:09:00,7851.5,586736,7852.0,7811,99796,17795,82001,578925,0.5
1900-01-25 02:09:15,7854.0,608091,7854.5,197999,17256,9974,7282,410092,0.5
1900-01-25 02:09:30,7854.0,720907,7854.5,136995,123519,1000,122519,583912,0.5
1900-01-25 02:09:45,7854.0,814401,7854.5,208445,14080,1010,13070,605956,0.5
1900-01-25 02:10:00,7854.0,189265,7854.5,1410646,26272,108623,-82351,-1221381,0.5
1900-01-25 02:10:15,7854.0,131948,7854.5,869668,259,21506,-21247,-737720,0.5
1900-01-25 02:10:30,7854.0,359021,7854.5,821077,709,24601,-23892,-462056,0.5
1900-01-25 02:10:45,7854.0,459858,7854.5,587156,20040,20825,-785,-127298,0.5
1900-01-25 02:11:00,7854.0,441990,7854.5,641718,20520,51209,-30689,-199728,0.5
1900-01-25 02:11:15,7854.0,496340,7854.5,509882,19423,10600,8823,-13542,0.5
1900-01-25 02:11:30,7854.0,491361,7854.5,516249,7139,650,6489,-24888,0.5
1900-01-25 02:11:45,7855.0,1047242,7855.5,21158,119468,650,118818,1026084,0.5
1900-01-25 02:12:00,7856.5,473093,7857.0,613115,36673,985,35688,-140022,0.5
1900-01-25 02:12:15,7856.5,609087,7857.0,152521,129085,2622,126463,456566,0.5
1900-01-25 02:12:30,7859.5,335935,7860.0,853792,35273,1,35272,-517857,0.5
1900-01-25 02:12:45,7861.5,487350,7862.0,26275,59664,1,59663,461075,0.5
1900-01-25 02:13:00,7871.5,818080,7872.0,1417,221678,36220,185458,816663,0.5
1900-01-25 02:13:15,7873.0,16383,7873.5,1082801,248014,116426,131588,-1066418,0.5
1900-01-25 02:13:30,7872.0,104497,7872.5,900465,7664,197039,-189375,-795968,0.5
1900-01-25 02:13:45,7869.0,1105666,7869.5,65547,23449,43983,-20534,1040119,0.5
1900-01-25 02:14:00,7869.0,1158399,7869.5,111051,63018,4130,58888,1047348,0.5
1900-01-25 02:14:15,7869.0,1869854,7869.5,1258,28627,1350,27277,1868596,0.5
1900-01-25 02:14:30,7869.0,1883813,7869.5,4022,8458,1728,6730,1879791,0.5
1900-01-25 02:14:45,7869.5,1749733,7870.0,9021,25866,16,25850,1740712,0.5
1900-01-25 02:15:00,7870.5,1434316,7871.0,55305,14440,1410,13030,1379011,0.5
1900-01-25 02:15:15,7871.5,1703891,7872.0,86030,29217,1178,28039,1617861,0.5
1900-01-25 02:15:30,7872.5,1374775,7873.0,58855,23931,700,23231,1315920,0.5
1900-01-25 02:15:45,7872.5,1258959,7873.0,94100,29836,700,29136,1164859,0.5
1900-01-25 02:16:00,7870.5,25853,7871.0,183734,3987,216927,-212940,-157881,0.5
1900-01-25 02:16:15,7868.0,27812,7868.5,818797,20055,115615,-95560,-790985,0.5
1900-01-25 02:16:30,7867.0,1052986,7867.5,415976,101243,4902,96341,637010,0.5
1900-01-25 02:16:45,7867.0,966083,7867.5,206572,136018,19955,116063,759511,0.5
1900-01-25 02:17:00,7867.0,956301,7867.5,422659,57136,24824,32312,533642,0.5
1900-01-25 02:17:15,7867.0,979179,7867.5,642390,3222,22543,-19321,336789,0.5
1900-01-25 02:17:30,7867.0,294815,7867.5,952731,9104,2060,7044,-657916,0.5
1900-01-25 02:17:45,7866.5,50386,7867.0,919688,3102,103273,-100171,-869302,0.5
1900-01-25 02:18:00,7864.0,8673,7864.5,1274871,6402,109336,-102934,-1266198,0.5
1900-01-25 02:18:15,7863.0,826378,7863.5,660433,1493,16597,-15104,165945,0.5
1900-01-25 02:18:30,7863.0,395517,7863.5,619104,2176,67107,-64931,-223587,0.5
1900-01-25 02:18:45,7861.0,93572,7861.5,1018787,2176,165707,-163531,-925215,0.5
1900-01-25 02:19:00,7859.5,837244,7860.0,470234,2715,34327,-31612,367010,0.5
1900-01-25 02:19:15,7859.5,829696,7860.0,680521,20098,15942,4156,149175,0.5
1900-01-25 02:19:30,7859.5,471916,7860.0,777641,2731,163079,-160348,-305725,0.5
1900-01-25 02:19:45,7859.0,83670,7859.5,1214409,100,239507,-239407,-1130739,0.5
1900-01-25 02:20:00,7856.0,72070,7856.5,943276,19170,71478,-52308,-871206,0.5
1900-01-25 02:20:15,7853.0,514754,7853.5,167995,71899,57139,14760,346759,0.5
1900-01-25 02:20:30,7855.0,244384,7855.5,705907,135954,1389,134565,-461523,0.5
1900-01-25 02:20:45,7855.5,556672,7856.0,512436,64073,7625,56448,44236,0.5
1900-01-25 02:21:00,7855.5,620029,7856.0,417136,13911,25590,-11679,202893,0.5
1900-01-25 02:21:15,7855.5,413948,7856.0,429746,97372,68249,29123,-15798,0.5
1900-01-25 02:21:30,7855.5,385219,7856.0,655144,1077,52940,-51863,-269925,0.5
1900-01-25 02:21:45,7855.5,689294,7856.0,77841,3929,69626,-65697,611453,0.5
1900-01-25 02:22:00,7855.5,529398,7856.0,82187,21321,69626,-48305,447211,0.5
1900-01-25 02:22:15,7856.0,631221,7856.5,141590,28325,1000,27325,489631,0.5
1900-01-25 02:22:30,7856.0,624233,7856.5,222360,80241,13949,66292,401873,0.5
1900-01-25 02:22:45,7856.0,467414,7856.5,1349371,9165,14062,-4897,-881957,0.5
1900-01-25 02:23:00,7855.5,231983,7856.0,900544,2015,9336,-7321,-668561,0.5
1900-01-25 02:23:15,7854.5,25052,7855.0,1271200,3519,90221,-86702,-1246148,0.5
1900-01-25 02:23:30,7853.0,310285,7853.5,873441,465,48662,-48197,-563156,0.5
1900-01-25 02:23:45,7853.0,562237,7853.5,631698,69633,20295,49338,-69461,0.5
1900-01-25 02:24:00,7853.0,110671,7853.5,1383969,130,98965,-98835,-1273298,0.5
1900-01-25 02:24:15,7852.0,543108,7852.5,338947,1059,63083,-62024,204161,0.5
1900-01-25 02:24:30,7848.5,40107,7849.0,621477,26290,195433,-169143,-581370,0.5
1900-01-25 02:24:45,7851.5,565415,7852.0,6562,174033,110971,63062,558853,0.5
1900-01-25 02:25:00,7851.5,344932,7852.0,1213725,13271,3291,9980,-868793,0.5
1900-01-25 02:25:15,7851.5,42156,7852.0,2179705,4417,40688,-36271,-2137549,0.5
1900-01-25 02:25:30,7848.0,131162,7848.5,603769,100296,152598,-52302,-472607,0.5
1900-01-25 02:25:45,7845.0,118977,7845.5,88097,35354,190059,-154705,30880,0.5
1900-01-25 02:26:00,7848.5,380919,7849.0,251041,16184,97689,-81505,129878,0.5
1900-01-25 02:26:15,7848.5,404285,7849.0,2778,155670,2481,153189,401507,0.5
1900-01-25 02:26:30,7849.0,574640,7849.5,171770,18722,4250,14472,402870,0.5
1900-01-25 02:26:45,7854.5,492607,7855.0,34901,403715,2150,401565,457706,0.5
1900-01-25 02:27:00,7854.5,48956,7855.0,1163790,26719,150993,-124274,-1114834,0.5
1900-01-25 02:27:15,7856.5,431131,7857.0,6004,37305,31285,6020,425127,0.5
1900-01-25 02:27:30,7858.0,398721,7858.5,45593,20740,14000,6740,353128,0.5
1900-01-25 02:27:45,7858.0,404471,7858.5,356460,24098,4609,19489,48011,0.5
1900-01-25 02:28:00,7858.0,472465,7858.5,5304,388592,840,387752,467161,0.5
1900-01-25 02:28:15,7861.0,436299,7861.5,103,49063,60,49003,436196,0.5
1900-01-25 02:28:30,7861.5,382234,7862.0,85837,414822,688,414134,296397,0.5
1900-01-25 02:28:45,7862.0,901708,7862.5,11728,21210,688,20522,889980,0.5
1900-01-25 02:29:00,7862.0,528313,7862.5,141934,51946,72547,-20601,386379,0.5
1900-01-25 02:29:15,7862.0,345059,7862.5,866199,15172,2560,12612,-521140,0.5
1900-01-25 02:29:30,7862.0,258385,7862.5,992827,12281,68950,-56669,-734442,0.5
1900-01-25 02:29:45,7862.0,370706,7862.5,901685,24231,21986,2245,-530979,0.5
1900-01-25 02:30:00,7862.0,1438881,7862.5,663281,1193,2860,-1667,775600,0.5
1900-01-25 02:30:15,7863.0,664883,7863.5,446456,179529,3834,175695,218427,0.5
1900-01-25 02:30:30,7863.0,723239,7863.5,383327,90142,1,90141,339912,0.5
1900-01-25 02:30:45,7863.0,778979,7863.5,305544,75013,60,74953,473435,0.5
1900-01-25 02:31:00,7863.0,683782,7863.5,370052,49549,60,49489,313730,0.5
1900-01-25 02:31:15,7866.5,474946,7867.0,66450,245152,15531,229621,408496,0.5
1900-01-25 02:31:30,7867.5,45283,7868.0,1337304,14242,9009,5233,-1292021,0.5
1900-01-25 02:31:45,7863.0,3623809,7863.5,49597,850,110854,-110004,3574212,0.5
1900-01-25 02:32:00,7863.0,3367092,7863.5,895794,4565,26715,-22150,2471298,0.5
1900-01-25 02:32:15,7863.0,3563305,7863.5,405868,153055,7543,145512,3157437,0.5
1900-01-25 02:32:30,7863.0,3640417,7863.5,375572,22765,400,22365,3264845,0.5
1900-01-25 02:32:45,7863.0,3630692,7863.5,363425,50737,5,50732,3267267,0.5
1900-01-25 02:33:00,7863.0,3726920,7863.5,77465,259215,25,259190,3649455,0.5
1900-01-25 02:33:15,7863.0,58,7863.5,1187427,3655,11744,-8089,-1187369,0.5
1900-01-25 02:33:30,7860.5,17084,7861.0,1180806,1,81115,-81114,-1163722,0.5
1900-01-25 02:33:45,7857.0,267626,7857.5,355999,756,30207,-29451,-88373,0.5
1900-01-25 02:34:00,7857.0,1825483,7857.5,166939,1957,55222,-53265,1658544,0.5
1900-01-25 02:34:15,7857.0,253376,7857.5,516352,73299,97476,-24177,-262976,0.5
1900-01-25 02:34:30,7849.5,137061,7850.0,1242276,20622,77538,-56916,-1105215,0.5
1900-01-25 02:34:45,7849.5,3143814,7850.0,916153,52571,51571,1000,2227661,0.5
1900-01-25 02:35:00,7849.5,3476051,7850.0,854550,80194,279800,-199606,2621501,0.5
1900-01-25 02:35:15,7849.5,3459568,7850.0,905755,21100,36350,-15250,2553813,0.5
1900-01-25 02:35:30,7849.5,3324121,7850.0,932549,87,38725,-38638,2391572,0.5
1900-01-25 02:35:45,7854.5,248693,7855.0,575579,707819,2950,704869,-326886,0.5
1900-01-25 02:36:00,7854.0,690,7854.5,1568690,6632,12596,-5964,-1568000,0.5
1900-01-25 02:36:15,7846.5,122799,7847.0,389371,60,202388,-202328,-266572,0.5
1900-01-25 02:36:30,7846.5,390603,7847.0,208937,2025,79193,-77168,181666,0.5
1900-01-25 02:36:45,7846.5,414947,7847.0,345375,3336,86068,-82732,69572,0.5
1900-01-25 02:37:00,7842.5,79264,7843.0,1041062,2048,111823,-109775,-961798,0.5
1900-01-25 02:37:15,7840.5,224419,7841.0,357581,25110,319501,-294391,-133162,0.5
1900-01-25 02:37:30,7840.5,732362,7841.0,671731,25160,45492,-20332,60631,0.5
1900-01-25 02:37:45,7840.5,359376,7841.0,1187173,84302,120141,-35839,-827797,0.5
1900-01-25 02:38:00,7840.0,857602,7840.5,1485389,34623,436855,-402232,-627787,0.5
1900-01-25 02:38:15,7838.0,73579,7838.5,555563,37260,464307,-427047,-481984,0.5
1900-01-25 02:38:30,7840.5,393303,7841.0,91475,192880,92550,100330,301828,0.5
1900-01-25 02:38:45,7838.5,61460,7839.0,634218,112423,98121,14302,-572758,0.5
1900-01-25 02:39:00,7841.0,186012,7841.5,914251,62105,29403,32702,-728239,0.5
1900-01-25 02:39:15,7841.5,502494,7842.0,4664,15962,104530,-88568,497830,0.5
1900-01-25 02:39:30,7841.5,362467,7842.0,701868,4479,550,3929,-339401,0.5
1900-01-25 02:39:45,7841.5,226405,7842.0,1405427,2685,66268,-63583,-1179022,0.5
1900-01-25 02:40:00,7840.5,16562,7841.0,316186,11048,180297,-169249,-299624,0.5
1900-01-25 02:40:15,7839.0,34443,7839.5,877263,42080,37615,4465,-842820,0.5
1900-01-25 02:40:30,7841.5,439695,7842.0,56352,70773,13810,56963,383343,0.5
1900-01-25 02:40:45,7841.5,594917,7842.0,33556,29712,1700,28012,561361,0.5
1900-01-25 02:41:00,7843.5,59745,7844.0,1191914,50270,5272,44998,-1132169,0.5
1900-01-25 02:41:15,7843.5,861221,7845.5,878,36194,11669,24525,860343,2.0
1900-01-25 02:41:30,7849.5,86607,7850.0,1368183,337761,6105,331656,-1281576,0.5
1900-01-25 02:41:45,7847.5,32131,7848.0,1400398,7204,40268,-33064,-1368267,0.5
1900-01-25 02:42:00,7847.5,29104,7848.0,1795609,7753,134289,-126536,-1766505,0.5
1900-01-25 02:42:15,7847.0,212129,7847.5,765796,6582,36039,-29457,-553667,0.5
1900-01-25 02:42:30,7847.0,424464,7847.5,1121170,1029,6230,-5201,-696706,0.5
1900-01-25 02:42:45,7847.0,195097,7847.5,1225653,2750,118777,-116027,-1030556,0.5
1900-01-25 02:43:00,7847.0,416873,7847.5,801237,13765,17272,-3507,-384364,0.5
1900-01-25 02:43:15,7848.0,203034,7848.5,1022008,130202,1100,129102,-818974,0.5
1900-01-25 02:43:30,7848.0,534814,7848.5,1018249,2740,5510,-2770,-483435,0.5
1900-01-25 02:43:45,7848.0,162173,7848.5,1182576,172382,13398,158984,-1020403,0.5
1900-01-25 02:44:00,7848.0,129796,7848.5,1214080,22217,9948,12269,-1084284,0.5
1900-01-25 02:44:15,7848.0,557,7848.5,1249445,11666,50076,-38410,-1248888,0.5
1900-01-25 02:44:30,7847.0,27519,7847.5,1305018,7326,30031,-22705,-1277499,0.5
1900-01-25 02:44:45,7846.5,22441,7847.0,1037579,1,17292,-17291,-1015138,0.5
1900-01-25 02:45:00,7846.5,400924,7847.0,769426,104,26747,-26643,-368502,0.5
1900-01-25 02:45:15,7846.5,104470,7847.0,1207721,120,8059,-7939,-1103251,0.5
1900-01-25 02:45:30,7846.5,511188,7847.0,526107,20058,3354,16704,-14919,0.5
1900-01-25 02:45:45,7845.5,11309,7846.0,1240257,44245,1251,42994,-1228948,0.5
1900-01-25 02:46:00,7839.0,60794,7839.5,875917,5000,81143,-76143,-815123,0.5
1900-01-25 02:46:15,7837.5,545801,7838.0,186349,33669,28539,5130,359452,0.5
1900-01-25 02:46:30,7844.5,51493,7845.0,1358881,237292,8559,228733,-1307388,0.5
1900-01-25 02:46:45,7840.5,10701,7841.0,1348740,86590,110568,-23978,-1338039,0.5
1900-01-25 02:47:00,7837.0,506811,7837.5,972841,146626,44938,101688,-466030,0.5
1900-01-25 02:47:15,7839.5,539906,7840.0,31472,96412,4870,91542,508434,0.5
1900-01-25 02:47:30,7839.5,692512,7840.0,2344,37346,500,36846,690168,0.5
1900-01-25 02:47:45,7842.5,384960,7843.0,713634,41675,120,41555,-328674,0.5
1900-01-25 02:48:00,7839.5,493403,7840.0,861036,2152,83197,-81045,-367633,0.5
1900-01-25 02:48:15,7839.5,450890,7840.0,726222,20930,11052,9878,-275332,0.5
1900-01-25 02:48:30,7839.5,11554,7840.0,979420,20207,23373,-3166,-967866,0.5
1900-01-25 02:48:45,7839.0,49082,7839.5,986600,100,27767,-27667,-937518,0.5
1900-01-25 02:49:00,7839.0,432355,7839.5,937952,1381,21884,-20503,-505597,0.5
1900-01-25 02:49:15,7837.5,22493,7838.0,1344536,3751,19937,-16186,-1322043,0.5
1900-01-25 02:49:30,7834.0,198235,7834.5,979050,2270,132691,-130421,-780815,0.5
1900-01-25 02:49:45,7834.0,175844,7834.5,1030593,2000,63115,-61115,-854749,0.5
1900-01-25 02:50:00,7834.0,328201,7834.5,410059,14702,21604,-6902,-81858,0.5
1900-01-25 02:50:15,7841.5,1160114,7842.0,49793,444343,15747,428596,1110321,0.5
1900-01-25 02:50:30,7841.5,884941,7842.0,88672,57228,24370,32858,796269,0.5
1900-01-25 02:50:45,7852.5,338257,7853.0,785312,328660,3500,325160,-447055,0.5
1900-01-25 02:51:00,7852.0,542,7852.5,942984,291491,5828,285663,-942442,0.5
1900-01-25 02:51:15,7849.0,784156,7849.5,14834,80813,149572,-68759,769322,0.5
1900-01-25 02:51:30,7851.0,993108,7851.5,364290,118579,1850,116729,628818,0.5
1900-01-25 02:51:45,7851.0,1101268,7851.5,549898,71347,3429,67918,551370,0.5
1900-01-25 02:52:00,7851.0,1173455,7851.5,487486,70164,10170,59994,685969,0.5
1900-01-25 02:52:15,7851.0,1493659,7851.5,105153,48643,38013,10630,1388506,0.5
1900-01-25 02:52:30,7851.0,1677513,7851.5,80461,168368,7700,160668,1597052,0.5
1900-01-25 02:52:45,7851.0,778782,7851.5,867741,20743,3218,17525,-88959,0.5
1900-01-25 02:53:00,7851.0,570687,7851.5,1030433,17490,54,17436,-459746,0.5
1900-01-25 02:53:15,7851.0,762630,7851.5,986292,2460,100,2360,-223662,0.5
1900-01-25 02:53:30,7851.0,831273,7851.5,680580,34565,10865,23700,150693,0.5
1900-01-25 02:53:45,7851.0,1629684,7851.5,346527,49377,558,48819,1283157,0.5
1900-01-25 02:54:00,7851.0,1090643,7851.5,240531,64050,12900,51150,850112,0.5
1900-01-25 02:54:15,7856.5,920648,7857.0,138677,204122,31052,173070,781971,0.5
1900-01-25 02:54:30,7859.5,68766,7860.0,882985,106190,2808,103382,-814219,0.5
1900-01-25 02:54:45,7856.5,42570,7857.0,991422,54045,44403,9642,-948852,0.5
1900-01-25 02:55:00,7855.0,353428,7855.5,648064,9586,53287,-43701,-294636,0.5
1900-01-25 02:55:15,7855.0,264741,7855.5,756960,9586,10009,-423,-492219,0.5
1900-01-25 02:55:30,7855.0,1106873,7855.5,118889,47890,6295,41595,987984,0.5
1900-01-25 02:55:45,7855.5,1425950,7856.0,893,43380,282,43098,1425057,0.5
1900-01-25 02:56:00,7859.5,577322,7860.0,919496,168751,30679,138072,-342174,0.5
1900-01-25 02:56:15,7859.5,905185,7860.0,445128,77473,73612,3861,460057,0.5
1900-01-25 02:56:30,7859.5,920371,7860.0,459801,66450,50000,16450,460570,0.5
1900-01-25 02:56:45,7859.5,671641,7860.0,864626,11877,600,11277,-192985,0.5
1900-01-25 02:57:00,7859.5,210485,7860.0,1439067,18544,241359,-222815,-1228582,0.5
1900-01-25 02:57:15,7859.5,121612,7860.0,1590487,6996,87670,-80674,-1468875,0.5
1900-01-25 02:57:30,7858.0,1732104,7858.5,6530,5160,45454,-40294,1725574,0.5
1900-01-25 02:57:45,7861.0,1262124,7861.5,48427,122913,200,122713,1213697,0.5
1900-01-25 02:58:00,7861.0,311606,7861.5,677363,28716,14567,14149,-365757,0.5
1900-01-25 02:58:15,7861.0,77363,7861.5,1108879,7890,27806,-19916,-1031516,0.5
1900-01-25 02:58:30,7861.0,951477,7861.5,99471,65031,962,64069,852006,0.5
1900-01-25 02:58:45,7862.0,1175390,7862.5,11979,36382,3125,33257,1163411,0.5
1900-01-25 02:59:00,7863.5,1281355,7864.0,48846,41859,3001,38858,1232509,0.5
1900-01-25 02:59:15,7864.5,510454,7865.0,637838,154409,21044,133365,-127384,0.5
1900-01-25 02:59:30,7864.5,856544,7865.0,781213,9737,6601,3136,75331,0.5
1900-01-25 02:59:45,7864.5,585650,7865.0,675255,29127,20,29107,-89605,0.5
1900-01-25 03:00:00,7864.5,693793,7865.0,811251,17064,14240,2824,-117458,0.5
1900-01-25 03:00:15,7864.5,502234,7865.0,775204,70512,14919,55593,-272970,0.5
1900-01-25 03:00:30,7864.5,362320,7865.0,747215,40010,36858,3152,-384895,0.5
1900-01-25 03:00:45,7864.5,298429,7865.0,997837,1860,55970,-54110,-699408,0.5
1900-01-25 03:01:00,7864.5,354932,7865.0,1080630,5840,17353,-11513,-725698,0.5
1900-01-25 03:01:15,7864.5,234941,7865.0,1314238,1400,44395,-42995,-1079297,0.5
1900-01-25 03:01:30,7864.5,245417,7865.0,1366699,12020,41949,-29929,-1121282,0.5
1900-01-25 03:01:45,7863.5,137631,7864.0,1377387,126,104181,-104055,-1239756,0.5
1900-01-25 03:02:00,7855.0,556793,7855.5,425886,100,164059,-163959,130907,0.5
1900-01-25 03:02:15,7853.0,277767,7853.5,353642,14956,40939,-25983,-75875,0.5
1900-01-25 03:02:30,7852.5,10891,7853.0,932956,25843,23607,2236,-922065,0.5
1900-01-25 03:02:45,7849.5,150489,7850.0,865196,1094,52031,-50937,-714707,0.5
1900-01-25 03:03:00,7849.5,923909,7850.0,557873,16620,15923,697,366036,0.5
1900-01-25 03:03:15,7849.5,866788,7850.0,765881,9901,27194,-17293,100907,0.5
1900-01-25 03:03:30,7849.0,14211,7849.5,1604924,8110,217556,-209446,-1590713,0.5
1900-01-25 03:03:45,7848.0,16241,7848.5,1752055,1500,23161,-21661,-1735814,0.5
1900-01-25 03:04:00,7846.0,23656,7846.5,1729588,1500,19395,-17895,-1705932,0.5
1900-01-25 03:04:15,7844.0,87823,7844.5,1607758,1101,170575,-169474,-1519935,0.5
1900-01-25 03:04:30,7844.0,380962,7844.5,986606,500,107476,-106976,-605644,0.5
1900-01-25 03:04:45,7847.5,525137,7848.0,331510,94439,201932,-107493,193627,0.5
1900-01-25 03:05:00,7847.5,755424,7848.0,75473,80622,6649,73973,679951,0.5
1900-01-25 03:05:15,7849.0,640961,7849.5,122508,43954,6840,37114,518453,0.5
1900-01-25 03:05:30,7849.0,114219,7849.5,1432613,22453,12548,9905,-1318394,0.5
1900-01-25 03:05:45,7847.5,48738,7848.0,1561835,3500,15905,-12405,-1513097,0.5
1900-01-25 03:06:00,7847.0,60084,7847.5,1591377,2412,63959,-61547,-1531293,0.5
1900-01-25 03:06:15,7847.0,37423,7847.5,1675771,4050,32075,-28025,-1638348,0.5
1900-01-25 03:06:30,7847.0,30308,7847.5,1933763,205,7250,-7045,-1903455,0.5
1900-01-25 03:06:45,7843.0,117897,7843.5,1264001,601,36730,-36129,-1146104,0.5
1900-01-25 03:07:00,7843.0,306789,7843.5,1104324,2845,47909,-45064,-797535,0.5
1900-01-25 03:07:15,7843.0,162248,7843.5,1242864,12001,6694,5307,-1080616,0.5
1900-01-25 03:07:30,7843.0,636583,7843.5,723217,1073,13506,-12433,-86634,0.5
1900-01-25 03:07:45,7843.0,129079,7843.5,904839,20,25730,-25710,-775760,0.5
1900-01-25 03:08:00,7843.0,115252,7843.5,1436766,5,30508,-30503,-1321514,0.5
1900-01-25 03:08:15,7843.0,40647,7843.5,1917277,1005,67112,-66107,-1876630,0.5
1900-01-25 03:08:30,7843.0,601723,7843.5,887790,10565,17748,-7183,-286067,0.5
1900-01-25 03:08:45,7843.0,527669,7843.5,1072958,16445,39803,-23358,-545289,0.5
1900-01-25 03:09:00,7841.5,523651,7842.0,460778,2426,27396,-24970,62873,0.5
1900-01-25 03:09:15,7841.5,59303,7842.0,1432962,11859,25317,-13458,-1373659,0.5
1900-01-25 03:09:30,7836.5,377890,7837.0,815213,70,86058,-85988,-437323,0.5
1900-01-25 03:09:45,7836.0,101104,7836.5,798031,8500,33779,-25279,-696927,0.5
1900-01-25 03:10:00,7836.0,29388,7836.5,1411103,11075,60285,-49210,-1381715,0.5
1900-01-25 03:10:15,7836.0,613999,7836.5,446646,20257,41904,-21647,167353,0.5
1900-01-25 03:10:30,7835.0,62321,7835.5,1492294,3417,194237,-190820,-1429973,0.5
1900-01-25 03:10:45,7835.5,574704,7836.0,140290,465596,194548,271048,434414,0.5
1900-01-25 03:11:00,7835.0,46915,7835.5,839052,42998,20204,22794,-792137,0.5
1900-01-25 03:11:15,7835.0,541396,7835.5,188583,129769,36352,93417,352813,0.5
1900-01-25 03:11:30,7835.0,636982,7835.5,101485,45548,2732,42816,535497,0.5
1900-01-25 03:11:45,7846.0,527045,7846.5,333777,171190,16201,154989,193268,0.5
1900-01-25 03:12:00,7846.0,288954,7846.5,994723,11330,14001,-2671,-705769,0.5
1900-01-25 03:12:15,7843.0,537935,7843.5,435597,16352,15807,545,102338,0.5
1900-01-25 03:12:30,7843.0,54106,7843.5,999888,50,18038,-17988,-945782,0.5
1900-01-25 03:12:45,7840.5,173351,7841.0,687987,21200,25994,-4794,-514636,0.5
1900-01-25 03:13:00,7840.5,585440,7841.0,527091,1000,10680,-9680,58349,0.5
1900-01-25 03:13:15,7840.5,547390,7841.0,595994,14840,1573,13267,-48604,0.5
1900-01-25 03:13:30,7840.5,526243,7841.0,653276,40100,8595,31505,-127033,0.5
1900-01-25 03:13:45,7839.5,4830,7840.0,1522807,450,1333,-883,-1517977,0.5
1900-01-25 03:14:00,7836.5,510826,7837.0,468987,601,15648,-15047,41839,0.5
1900-01-25 03:14:15,7836.5,184007,7837.0,1212744,3444,215427,-211983,-1028737,0.5
1900-01-25 03:14:30,7836.5,289581,7837.0,984119,18017,16061,1956,-694538,0.5
1900-01-25 03:14:45,7835.0,7237,7835.5,1342237,15409,80909,-65500,-1335000,0.5
1900-01-25 03:15:00,7833.5,669688,7834.0,10791,69161,21677,47484,658897,0.5
1900-01-25 03:15:15,7836.5,369559,7837.0,153085,124115,5930,118185,216474,0.5
1900-01-25 03:15:30,7839.5,397878,7840.0,58897,126518,37768,88750,338981,0.5
1900-01-25 03:15:45,7843.0,419129,7843.5,586425,51966,2632,49334,-167296,0.5
1900-01-25 03:16:00,7843.0,413234,7843.5,88227,16879,1340,15539,325007,0.5
1900-01-25 03:16:15,7843.0,479134,7843.5,406738,80563,150,80413,72396,0.5
1900-01-25 03:16:30,7845.0,562299,7845.5,48584,35972,18015,17957,513715,0.5
1900-01-25 03:16:45,7846.0,1193010,7846.5,87347,23503,45540,-22037,1105663,0.5
1900-01-25 03:17:00,7846.0,1256649,7846.5,73235,34147,13840,20307,1183414,0.5
1900-01-25 03:17:15,7848.5,864860,7849.0,153505,95283,2802,92481,711355,0.5
1900-01-25 03:17:30,7848.5,416957,7849.0,748758,27524,10675,16849,-331801,0.5
1900-01-25 03:17:45,7848.5,684206,7849.0,409343,68550,10000,58550,274863,0.5
1900-01-25 03:18:00,7848.5,544813,7849.0,643066,44347,2500,41847,-98253,0.5
1900-01-25 03:18:15,7846.0,113332,7846.5,869787,83855,80556,3299,-756455,0.5
1900-01-25 03:18:30,7846.0,1223565,7846.5,228066,53115,3963,49152,995499,0.5
1900-01-25 03:18:45,7846.0,591832,7846.5,434029,1775,540,1235,157803,0.5
1900-01-25 03:19:00,7846.0,1114169,7846.5,218708,11716,7350,4366,895461,0.5
1900-01-25 03:19:15,7846.0,35368,7846.5,669983,14110,157046,-142936,-634615,0.5
1900-01-25 03:19:30,7846.0,119093,7846.5,632790,226,15147,-14921,-513697,0.5
1900-01-25 03:19:45,7846.0,884985,7846.5,108455,642,627,15,776530,0.5
1900-01-25 03:20:00,7846.0,890817,7846.5,130758,944,3304,-2360,760059,0.5
1900-01-25 03:20:15,7846.0,1326799,7846.5,52027,33128,3304,29824,1274772,0.5
1900-01-25 03:20:30,7850.5,931439,7851.0,191835,56860,1000,55860,739604,0.5
1900-01-25 03:20:45,7850.5,1262488,7851.0,75242,6742,40,6702,1187246,0.5
1900-01-25 03:21:00,7852.0,1271525,7852.5,42287,79918,6266,73652,1229238,0.5
1900-01-25 03:21:15,7852.5,1400027,7853.0,39924,53262,1177,52085,1360103,0.5
1900-01-25 03:21:30,7854.5,1497584,7855.0,46674,227876,3715,224161,1450910,0.5
1900-01-25 03:21:45,7857.5,112750,7858.0,728169,36750,58000,-21250,-615419,0.5
1900-01-25 03:22:00,7857.5,127216,7858.0,818461,4155,27100,-22945,-691245,0.5
1900-01-25 03:22:15,7857.5,173036,7858.0,924855,4118,37418,-33300,-751819,0.5
1900-01-25 03:22:30,7857.5,146319,7858.0,1060327,755,58515,-57760,-914008,0.5
1900-01-25 03:22:45,7857.5,49284,7858.0,1062566,119195,45420,73775,-1013282,0.5
1900-01-25 03:23:00,7857.5,1943,7858.0,932498,8340,132992,-124652,-930555,0.5
1900-01-25 03:23:15,7856.5,10886,7857.0,1014562,8340,1125,7215,-1003676,0.5
1900-01-25 03:23:30,7855.0,2820,7855.5,779959,393,66686,-66293,-777139,0.5
1900-01-25 03:23:45,7854.5,682820,7855.0,236163,393,8195,-7802,446657,0.5
1900-01-25 03:24:00,7856.5,755163,7857.0,12722,34886,53012,-18126,742441,0.5
1900-01-25 03:24:15,7859.5,273301,7860.0,759596,168313,50,168263,-486295,0.5
1900-01-25 03:24:30,7860.0,1274539,7860.5,186915,105533,160,105373,1087624,0.5
1900-01-25 03:24:45,7860.0,1301914,7860.5,188198,38356,51,38305,1113716,0.5
1900-01-25 03:25:00,7860.0,879009,7860.5,536194,3772,2390,1382,342815,0.5
1900-01-25 03:25:15,7860.0,731170,7860.5,568695,28460,15462,12998,162475,0.5
1900-01-25 03:25:30,7860.0,163901,7860.5,1017112,20199,17212,2987,-853211,0.5
1900-01-25 03:25:45,7859.5,62591,7860.0,1066611,2516,110006,-107490,-1004020,0.5
1900-01-25 03:26:00,7858.5,2728,7859.0,914090,33040,51926,-18886,-911362,0.5
1900-01-25 03:26:15,7857.0,11283,7857.5,897509,3383,12345,-8962,-886226,0.5
1900-01-25 03:26:30,7855.5,26630,7856.0,778313,1698,12613,-10915,-751683,0.5
1900-01-25 03:26:45,7855.5,332936,7856.0,829128,2945,3749,-804,-496192,0.5
1900-01-25 03:27:00,7855.5,87074,7856.0,1037615,524,36415,-35891,-950541,0.5
1900-01-25 03:27:15,7855.5,10439,7856.0,957843,5500,26519,-21019,-947404,0.5
1900-01-25 03:27:30,7855.0,85188,7855.5,794752,197,1409,-1212,-709564,0.5
1900-01-25 03:27:45,7852.0,41168,7852.5,842357,6300,19801,-13501,-801189,0.5
1900-01-25 03:28:00,7851.5,478529,7852.0,886610,2104,39913,-37809,-408081,0.5
1900-01-25 03:28:15,7851.5,929933,7852.0,330999,8810,12325,-3515,598934,0.5
1900-01-25 03:28:30,7851.5,859366,7852.0,543410,6097,1800,4297,315956,0.5
1900-01-25 03:28:45,7851.5,934484,7852.0,527589,6940,1,6939,406895,0.5
1900-01-25 03:29:00,7851.5,937093,7852.0,542255,4741,1951,2790,394838,0.5
1900-01-25 03:29:15,7850.5,24583,7851.0,994381,6800,48148,-41348,-969798,0.5
1900-01-25 03:29:30,7849.5,5623,7850.0,952711,30174,40497,-10323,-947088,0.5
1900-01-25 03:29:45,7848.0,460389,7848.5,803282,36600,30386,6214,-342893,0.5
1900-01-25 03:30:00,7848.0,565184,7848.5,807731,42501,3979,38522,-242547,0.5
1900-01-25 03:30:15,7848.0,402726,7848.5,676404,7440,165513,-158073,-273678,0.5
1900-01-25 03:30:30,7848.0,490164,7848.5,704542,13100,8711,4389,-214378,0.5
1900-01-25 03:30:45,7848.0,498501,7848.5,520730,2064,1541,523,-22229,0.5
1900-01-25 03:31:00,7848.0,805794,7848.5,550038,243,600,-357,255756,0.5
1900-01-25 03:31:15,7850.5,904584,7851.0,63224,134482,600,133882,841360,0.5
1900-01-25 03:31:30,7850.5,844293,7851.0,44607,41431,667,40764,799686,0.5
1900-01-25 03:31:45,7851.0,928740,7851.5,546589,6927,15040,-8113,382151,0.5
1900-01-25 03:32:00,7851.0,776202,7851.5,858848,7719,1,7718,-82646,0.5
1900-01-25 03:32:15,7851.0,746796,7851.5,815678,301,790,-489,-68882,0.5
1900-01-25 03:32:30,7851.0,876613,7851.5,533780,15000,6470,8530,342833,0.5
1900-01-25 03:32:45,7851.0,1144814,7851.5,84481,76081,10600,65481,1060333,0.5
1900-01-25 03:33:00,7852.5,1066822,7853.0,1435,122078,993,121085,1065387,0.5
1900-01-25 03:33:15,7855.5,934825,7856.0,57248,96410,929,95481,877577,0.5
1900-01-25 03:33:30,7855.5,1174117,7856.0,1277,6712,13098,-6386,1172840,0.5
1900-01-25 03:33:45,7857.0,1003991,7857.5,200474,115408,186,115222,803517,0.5
1900-01-25 03:34:00,7857.0,1267355,7857.5,278811,123806,399,123407,988544,0.5
1900-01-25 03:34:15,7857.0,1490837,7857.5,9422,17715,2,17713,1481415,0.5
1900-01-25 03:34:30,7860.0,759130,7860.5,52271,65151,2608,62543,706859,0.5
1900-01-25 03:34:45,7860.5,1453245,7861.0,59436,29447,11626,17821,1393809,0.5
1900-01-25 03:35:00,7860.5,447168,7861.0,771036,45572,19288,26284,-323868,0.5
1900-01-25 03:35:15,7861.0,1387937,7861.5,50425,17255,45559,-28304,1337512,0.5
1900-01-25 03:35:30,7861.5,1489293,7862.0,64823,37966,47530,-9564,1424470,0.5
1900-01-25 03:35:45,7864.0,868501,7864.5,43266,95971,1350,94621,825235,0.5
1900-01-25 03:36:00,7864.5,1000532,7865.0,156163,84366,44574,39792,844369,0.5
1900-01-25 03:36:15,7865.5,758155,7866.0,469612,89950,5800,84150,288543,0.5
1900-01-25 03:36:30,7865.5,1213121,7866.0,272102,203158,54145,149013,941019,0.5
1900-01-25 03:36:45,7866.0,1512169,7866.5,53101,90860,999,89861,1459068,0.5
1900-01-25 03:37:00,7866.5,863545,7867.0,78519,51931,40159,11772,785026,0.5
1900-01-25 03:37:15,7866.5,961104,7867.0,233020,2822,3465,-643,728084,0.5
1900-01-25 03:37:30,7866.5,425665,7867.0,659984,7898,37950,-30052,-234319,0.5
1900-01-25 03:37:45,7866.5,1227078,7867.0,693495,20382,10500,9882,533583,0.5
1900-01-25 03:38:00,7866.5,1290148,7867.0,760285,64328,14327,50001,529863,0.5
1900-01-25 03:38:15,7866.5,1193786,7867.0,823218,42519,500,42019,370568,0.5
1900-01-25 03:38:30,7866.5,1183390,7867.0,877906,44059,4290,39769,305484,0.5
1900-01-25 03:38:45,7866.5,1171834,7867.0,858007,25420,22501,2919,313827,0.5
1900-01-25 03:39:00,7866.5,1219354,7867.0,856038,65002,14617,50385,363316,0.5
1900-01-25 03:39:15,7866.5,1324158,7867.0,848539,7816,6000,1816,475619,0.5
1900-01-25 03:39:30,7866.5,1230075,7867.0,899557,24701,39350,-14649,330518,0.5
1900-01-25 03:39:45,7866.5,1646005,7867.0,534124,50386,30780,19606,1111881,0.5
1900-01-25 03:40:00,7866.5,1684549,7867.0,477545,16406,4300,12106,1207004,0.5
1900-01-25 03:40:15,7867.5,1384089,7868.0,5654,62733,22500,40233,1378435,0.5
1900-01-25 03:40:30,7868.5,1129309,7869.0,217303,213920,2152,211768,912006,0.5
1900-01-25 03:40:45,7866.5,131171,7867.0,953764,11510,162302,-150792,-822593,0.5
1900-01-25 03:41:00,7863.5,170694,7864.0,706171,1202,44819,-43617,-535477,0.5
1900-01-25 03:41:15,7862.5,22362,7863.0,687822,15016,40180,-25164,-665460,0.5
1900-01-25 03:41:30,7861.5,1109983,7862.0,69058,96344,37490,58854,1040925,0.5
1900-01-25 03:41:45,7863.0,766447,7863.5,1020,16146,10478,5668,765427,0.5
1900-01-25 03:42:00,7863.0,405090,7863.5,940957,6100,4369,1731,-535867,0.5
1900-01-25 03:42:15,7863.0,460715,7863.5,954327,21345,5003,16342,-493612,0.5
1900-01-25 03:42:30,7863.0,8550,7863.5,1086841,50,29696,-29646,-1078291,0.5
1900-01-25 03:42:45,7862.5,854837,7863.0,881707,507,140543,-140036,-26870,0.5
1900-01-25 03:43:00,7862.5,465105,7863.0,829073,264,91241,-90977,-363968,0.5
1900-01-25 03:43:15,7862.5,1660951,7863.0,62004,23615,64500,-40885,1598947,0.5
1900-01-25 03:43:30,7863.0,1525052,7863.5,455552,73694,1450,72244,1069500,0.5
1900-01-25 03:43:45,7863.0,1482840,7863.5,329663,37501,54935,-17434,1153177,0.5
1900-01-25 03:44:00,7863.0,1633991,7863.5,415033,80870,1,80869,1218958,0.5
1900-01-25 03:44:15,7866.5,1011788,7867.0,17513,167878,2484,165394,994275,0.5
1900-01-25 03:44:30,7866.5,273706,7867.0,581805,67817,3992,63825,-308099,0.5
1900-01-25 03:44:45,7866.5,723491,7867.0,109639,24711,78829,-54118,613852,0.5
1900-01-25 03:45:00,7867.5,1113976,7868.0,442508,133657,11200,122457,671468,0.5
1900-01-25 03:45:15,7868.5,655060,7869.0,118454,301348,32501,268847,536606,0.5
1900-01-25 03:45:30,7870.0,561895,7870.5,173962,116956,5378,111578,387933,0.5
1900-01-25 03:45:45,7870.5,1566158,7871.0,45721,61838,18438,43400,1520437,0.5
1900-01-25 03:46:00,7870.5,1121485,7871.0,49840,27250,290,26960,1071645,0.5
1900-01-25 03:46:15,7874.5,1290456,7875.0,131002,219565,13146,206419,1159454,0.5
1900-01-25 03:46:30,7877.5,315479,7878.0,544724,112531,15614,96917,-229245,0.5
1900-01-25 03:46:45,7879.0,794359,7879.5,74951,306988,17998,288990,719408,0.5
1900-01-25 03:47:00,7879.0,1161646,7879.5,108066,52025,37478,14547,1053580,0.5
1900-01-25 03:47:15,7879.0,1025490,7879.5,151996,68202,37291,30911,873494,0.5
1900-01-25 03:47:30,7879.0,204431,7879.5,579648,15914,52546,-36632,-375217,0.5
1900-01-25 03:47:45,7879.0,692102,7879.5,191106,48616,77673,-29057,500996,0.5
1900-01-25 03:48:00,7879.0,617072,7879.5,201872,34136,39702,-5566,415200,0.5
1900-01-25 03:48:15,7879.0,1598875,7879.5,183218,3956,5200,-1244,1415657,0.5
1900-01-25 03:48:30,7879.5,1286820,7880.0,174970,51439,5385,46054,1111850,0.5
1900-01-25 03:48:45,7887.0,86552,7887.5,262592,131386,22035,109351,-176040,0.5
1900-01-25 03:49:00,7887.0,397831,7887.5,186985,252614,19992,232622,210846,0.5
1900-01-25 03:49:15,7886.5,4269,7887.0,375201,69522,70881,-1359,-370932,0.5
1900-01-25 03:49:30,7882.0,155,7882.5,274243,10542,394156,-383614,-274088,0.5
1900-01-25 03:49:45,7882.0,273916,7882.5,399515,1950,80950,-79000,-125599,0.5
1900-01-25 03:50:00,7884.0,791680,7884.5,254262,140183,67866,72317,537418,0.5
1900-01-25 03:50:15,7885.5,978136,7886.0,28130,84811,62569,22242,950006,0.5
1900-01-25 03:50:30,7887.0,197357,7887.5,540106,300294,17453,282841,-342749,0.5
1900-01-25 03:50:45,7887.0,742705,7887.5,492142,71734,28715,43019,250563,0.5
1900-01-25 03:51:00,7887.0,356057,7887.5,715467,7950,458219,-450269,-359410,0.5
1900-01-25 03:51:15,7887.0,245074,7887.5,844752,2298,121567,-119269,-599678,0.5
1900-01-25 03:51:30,7885.5,581901,7886.0,945002,10622,133547,-122925,-363101,0.5
1900-01-25 03:51:45,7885.0,1754,7885.5,1117976,5006,186535,-181529,-1116222,0.5
1900-01-25 03:52:00,7884.0,329778,7884.5,1016516,9212,50595,-41383,-686738,0.5
1900-01-25 03:52:15,7882.5,279725,7883.0,1220588,4100,381207,-377107,-940863,0.5
1900-01-25 03:52:30,7881.0,478214,7881.5,522273,4452,286417,-281965,-44059,0.5
1900-01-25 03:52:45,7881.0,497862,7881.5,414650,10700,44630,-33930,83212,0.5
1900-01-25 03:53:00,7880.5,45299,7881.0,820364,11228,73563,-62335,-775065,0.5
1900-01-25 03:53:15,7876.5,611981,7877.0,62661,47717,32336,15381,549320,0.5
1900-01-25 03:53:30,7879.0,286537,7879.5,442431,43698,9561,34137,-155894,0.5
1900-01-25 03:53:45,7879.0,182939,7879.5,552880,2768,73114,-70346,-369941,0.5
1900-01-25 03:54:00,7878.0,50722,7878.5,512207,20000,88495,-68495,-461485,0.5
1900-01-25 03:54:15,7877.5,325714,7878.0,840995,731,49775,-49044,-515281,0.5
1900-01-25 03:54:30,7877.5,317612,7878.0,896119,20212,26253,-6041,-578507,0.5
1900-01-25 03:54:45,7877.5,303395,7878.0,951357,5002,8677,-3675,-647962,0.5
1900-01-25 03:55:00,7877.5,27934,7878.0,1145274,602,277735,-277133,-1117340,0.5
1900-01-25 03:55:15,7875.5,233266,7876.0,757103,100,56757,-56657,-523837,0.5
1900-01-25 03:55:30,7874.5,161830,7875.0,1293270,100,389002,-388902,-1131440,0.5
1900-01-25 03:55:45,7874.5,44297,7875.0,1562234,20023,125193,-105170,-1517937,0.5
1900-01-25 03:56:00,7871.5,792985,7872.0,968365,385,322696,-322311,-175380,0.5
1900-01-25 03:56:15,7871.5,3937,7872.0,1306952,44599,151679,-107080,-1303015,0.5
1900-01-25 03:56:30,7870.0,126441,7870.5,871676,12301,180244,-167943,-745235,0.5
1900-01-25 03:56:45,7869.0,610749,7869.5,650053,12205,85812,-73607,-39304,0.5
1900-01-25 03:57:00,7872.5,642819,7873.0,46536,32060,42955,-10895,596283,0.5
1900-01-25 03:57:15,7877.0,9692,7877.5,889757,57376,15807,41569,-880065,0.5
1900-01-25 03:57:30,7874.5,247900,7875.0,605110,1400,66608,-65208,-357210,0.5
1900-01-25 03:57:45,7874.5,38397,7875.0,584814,28630,56555,-27925,-546417,0.5
1900-01-25 03:58:00,7874.5,60417,7875.0,806821,23300,34036,-10736,-746404,0.5
1900-01-25 03:58:15,7874.5,46022,7875.0,780501,2313,73626,-71313,-734479,0.5
1900-01-25 03:58:30,7874.5,37703,7875.0,894364,900,20106,-19206,-856661,0.5
1900-01-25 03:58:45,7876.0,812821,7876.5,22553,97871,72819,25052,790268,0.5
1900-01-25 03:59:00,7877.0,750161,7877.5,94307,27913,5051,22862,655854,0.5
1900-01-25 03:59:15,7881.0,706175,7881.5,67837,55635,24172,31463,638338,0.5
1900-01-25 03:59:30,7881.0,335019,7881.5,300492,38994,60955,-21961,34527,0.5
1900-01-25 03:59:45,7881.0,181037,7881.5,571032,7203,173915,-166712,-389995,0.5
1900-01-25 04:00:00,7881.0,231333,7881.5,529892,20979,28895,-7916,-298559,0.5
1900-01-25 04:00:15,7881.0,389517,7881.5,302510,23447,12313,11134,87007,0.5
1900-01-25 04:00:30,7881.0,733044,7881.5,47566,62123,16592,45531,685478,0.5
1900-01-25 04:00:45,7884.5,326921,7885.0,481797,193565,27266,166299,-154876,0.5
1900-01-25 04:01:00,7884.5,388722,7885.0,727133,209691,2041,207650,-338411,0.5
1900-01-25 04:01:15,7884.5,303591,7885.0,493097,331146,37793,293353,-189506,0.5
1900-01-25 04:01:30,7884.5,623695,7885.0,73544,105899,32668,73231,550151,0.5
1900-01-25 04:01:45,7886.0,602486,7886.5,12837,110849,6540,104309,589649,0.5
1900-01-25 04:02:00,7887.0,741824,7887.5,85142,216004,17932,198072,656682,0.5
1900-01-25 04:02:15,7895.5,632196,7896.0,58655,217369,23864,193505,573541,0.5
1900-01-25 04:02:30,7896.0,530557,7896.5,40925,221644,214354,7290,489632,0.5
1900-01-25 04:02:45,7896.0,729825,7896.5,329484,40415,95579,-55164,400341,0.5
1900-01-25 04:03:00,7896.5,708134,7897.0,315415,239531,16372,223159,392719,0.5
1900-01-25 04:03:15,7896.5,841412,7897.0,152070,167660,32264,135396,689342,0.5
1900-01-25 04:03:30,7896.5,172369,7897.0,676239,123640,56079,67561,-503870,0.5
1900-01-25 04:03:45,7896.0,266062,7896.5,543120,48705,163462,-114757,-277058,0.5
1900-01-25 04:04:00,7895.0,72634,7895.5,657388,88644,81539,7105,-584754,0.5
1900-01-25 04:04:15,7895.0,37440,7895.5,653065,7219,70468,-63249,-615625,0.5
1900-01-25 04:04:30,7891.5,100833,7892.0,513512,2288,154724,-152436,-412679,0.5
1900-01-25 04:04:45,7891.0,253045,7891.5,466468,138215,46998,91217,-213423,0.5
1900-01-25 04:05:00,7891.0,588098,7891.5,153266,57519,114479,-56960,434832,0.5
1900-01-25 04:05:15,7891.0,207765,7891.5,464094,50716,12470,38246,-256329,0.5
1900-01-25 04:05:30,7891.0,758925,7891.5,369190,12979,37738,-24759,389735,0.5
1900-01-25 04:05:45,7891.0,619345,7891.5,70160,22842,10675,12167,549185,0.5
1900-01-25 04:06:00,7888.0,14884,7888.5,469545,35174,141364,-106190,-454661,0.5
1900-01-25 04:06:15,7887.0,21600,7887.5,1002493,11223,184315,-173092,-980893,0.5
1900-01-25 04:06:30,7885.0,32185,7885.5,722409,125,17111,-16986,-690224,0.5
1900-01-25 04:06:45,7883.5,5410,7884.0,700319,1217,67047,-65830,-694909,0.5
1900-01-25 04:07:00,7882.0,1440,7882.5,1065088,9019,35080,-26061,-1063648,0.5
1900-01-25 04:07:15,7878.0,17568,7878.5,739596,1200,83074,-81874,-722028,0.5
1900-01-25 04:07:30,7878.0,632040,7878.5,361967,85375,258668,-173293,270073,0.5
1900-01-25 04:07:45,7878.0,752418,7878.5,380568,55814,130806,-74992,371850,0.5
1900-01-25 04:08:00,7878.0,142019,7878.5,698177,6922,79318,-72396,-556158,0.5
1900-01-25 04:08:15,7878.0,558495,7878.5,407300,8868,45863,-36995,151195,0.5
1900-01-25 04:08:30,7878.0,579499,7878.5,326084,1590,20015,-18425,253415,0.5
1900-01-25 04:08:45,7878.0,1309894,7878.5,12682,22271,1129,21142,1297212,0.5
1900-01-25 04:09:00,7878.0,1072781,7878.5,142047,93305,8101,85204,930734,0.5
1900-01-25 04:09:15,7880.0,856268,7880.5,306758,111592,3865,107727,549510,0.5
1900-01-25 04:09:30,7880.0,379197,7880.5,842045,39537,39275,262,-462848,0.5
1900-01-25 04:09:45,7880.0,430851,7880.5,903707,2577,25827,-23250,-472856,0.5
1900-01-25 04:10:00,7880.0,404943,7880.5,965261,2185,75645,-73460,-560318,0.5
1900-01-25 04:10:15,7879.5,61554,7880.0,1045082,200,238824,-238624,-983528,0.5
1900-01-25 04:10:30,7877.0,30280,7877.5,683285,60,88929,-88869,-653005,0.5
1900-01-25 04:10:45,7873.0,31042,7873.5,447012,517,79934,-79417,-415970,0.5
1900-01-25 04:11:00,7871.5,154641,7872.0,705941,8916,57045,-48129,-551300,0.5
1900-01-25 04:11:15,7870.5,92779,7871.0,704191,1525,181338,-179813,-611412,0.5
1900-01-25 04:11:30,7870.5,564206,7871.0,635162,92205,43226,48979,-70956,0.5
1900-01-25 04:11:45,7870.5,528073,7871.0,240171,96177,34838,61339,287902,0.5
1900-01-25 04:12:00,7870.5,525111,7871.0,308204,23731,9618,14113,216907,0.5
1900-01-25 04:12:15,7870.0,37820,7870.5,1042974,18000,84637,-66637,-1005154,0.5
1900-01-25 04:12:30,7868.0,64397,7868.5,859274,1800,76605,-74805,-794877,0.5
1900-01-25 04:12:45,7867.5,10105,7868.0,952419,2782,27262,-24480,-942314,0.5
1900-01-25 04:13:00,7867.5,92082,7868.0,1055697,7,2850,-2843,-963615,0.5
1900-01-25 04:13:15,7867.0,36953,7867.5,1271539,703,64394,-63691,-1234586,0.5
1900-01-25 04:13:30,7867.0,498138,7867.5,780091,6312,14002,-7690,-281953,0.5
1900-01-25 04:13:45,7867.0,33959,7867.5,1219546,15010,9408,5602,-1185587,0.5
1900-01-25 04:14:00,7867.0,590215,7867.5,371509,4700,7519,-2819,218706,0.5
1900-01-25 04:14:15,7867.0,566903,7867.5,521990,28240,12993,15247,44913,0.5
1900-01-25 04:14:30,7867.0,577652,7867.5,441602,16657,4761,11896,136050,0.5
1900-01-25 04:14:45,7867.0,534507,7867.5,579359,12346,12066,280,-44852,0.5
1900-01-25 04:15:00,7867.0,17955,7867.5,876077,1914,46568,-44654,-858122,0.5
1900-01-25 04:15:15,7867.0,10530,7867.5,795672,21352,11494,9858,-785142,0.5
1900-01-25 04:15:30,7867.0,517190,7867.5,259537,2638,14532,-11894,257653,0.5
1900-01-25 04:15:45,7867.0,922202,7867.5,41988,62258,6724,55534,880214,0.5
1900-01-25 04:16:00,7867.5,1067315,7868.0,104854,70087,13500,56587,962461,0.5
1900-01-25 04:16:15,7867.5,1034774,7868.0,54039,16417,8138,8279,980735,0.5
1900-01-25 04:16:30,7868.5,525400,7869.0,696118,47023,1600,45423,-170718,0.5
1900-01-25 04:16:45,7868.5,700987,7869.0,198691,128411,3940,124471,502296,0.5
1900-01-25 04:17:00,7868.5,1137370,7869.0,57093,105456,3940,101516,1080277,0.5
1900-01-25 04:17:15,7870.0,845925,7870.5,23230,116042,1208,114834,822695,0.5
1900-01-25 04:17:30,7870.0,1096539,7870.5,27075,52571,14842,37729,1069464,0.5
1900-01-25 04:17:45,7870.5,963393,7871.0,3788,34125,14220,19905,959605,0.5
1900-01-25 04:18:00,7870.5,1069508,7871.0,32872,13271,17884,-4613,1036636,0.5
1900-01-25 04:18:15,7870.5,1192409,7871.0,9025,24435,4870,19565,1183384,0.5
1900-01-25 04:18:30,7871.0,1109177,7871.5,8893,5516,4870,646,1100284,0.5
1900-01-25 04:18:45,7873.0,868147,7873.5,195080,53469,752,52717,673067,0.5
1900-01-25 04:19:00,7873.0,1001035,7873.5,399996,4750,6455,-1705,601039,0.5
1900-01-25 04:19:15,7873.0,945344,7873.5,705648,5145,10086,-4941,239696,0.5
1900-01-25 04:19:30,7873.0,814178,7873.5,297846,6630,12175,-5545,516332,0.5
1900-01-25 04:19:45,7873.0,1071342,7873.5,156118,78999,2862,76137,915224,0.5
1900-01-25 04:20:00,7873.0,1297359,7873.5,64903,32330,2000,30330,1232456,0.5
1900-01-25 04:20:15,7874.0,165887,7874.5,645775,16744,21870,-5126,-479888,0.5
1900-01-25 04:20:30,7873.5,11503,7874.0,913782,369,38490,-38121,-902279,0.5
1900-01-25 04:20:45,7872.5,22875,7873.0,1091887,4897,47134,-42237,-1069012,0.5
1900-01-25 04:21:00,7867.5,276174,7868.0,505773,2251,178665,-176414,-229599,0.5
1900-01-25 04:21:15,7867.0,51243,7867.5,709614,9487,47236,-37749,-658371,0.5
1900-01-25 04:21:30,7866.0,92711,7866.5,612246,9273,96167,-86894,-519535,0.5
1900-01-25 04:21:45,7866.0,27038,7866.5,938716,910,85281,-84371,-911678,0.5
1900-01-25 04:22:00,7865.0,189524,7865.5,760766,13200,55820,-42620,-571242,0.5
1900-01-25 04:22:15,7865.0,31118,7865.5,1010125,1000,102059,-101059,-979007,0.5
1900-01-25 04:22:30,7864.5,5413,7865.0,696275,2402,48266,-45864,-690862,0.5
1900-01-25 04:22:45,7864.0,217742,7864.5,817365,5501,13427,-7926,-599623,0.5
1900-01-25 04:23:00,7864.0,372550,7864.5,787463,5501,6974,-1473,-414913,0.5
1900-01-25 04:23:15,7864.0,54704,7864.5,1091578,18600,15350,3250,-1036874,0.5
1900-01-25 04:23:30,7863.0,61190,7863.5,427613,22301,56168,-33867,-366423,0.5
1900-01-25 04:23:45,7862.5,28643,7863.0,647651,350,124065,-123715,-619008,0.5
1900-01-25 04:24:00,7861.0,107098,7861.5,90024,100,157378,-157278,17074,0.5
1900-01-25 04:24:15,7860.5,180974,7861.0,850594,602,60756,-60154,-669620,0.5
1900-01-25 04:24:30,7860.5,213540,7861.0,907068,5017,3580,1437,-693528,0.5
1900-01-25 04:24:45,7860.5,739075,7861.0,482707,12002,50195,-38193,256368,0.5
1900-01-25 04:25:00,7860.5,834266,7861.0,361209,28738,33988,-5250,473057,0.5
1900-01-25 04:25:15,7860.5,847054,7861.0,153418,32333,6773,25560,693636,0.5
1900-01-25 04:25:30,7860.5,964960,7861.0,16791,48122,19400,28722,948169,0.5
1900-01-25 04:25:45,7861.0,1376337,7861.5,385206,15717,19400,-3683,991131,0.5
1900-01-25 04:26:00,7861.0,1537839,7861.5,890511,28969,100,28869,647328,0.5
1900-01-25 04:26:15,7861.0,1489958,7861.5,906974,21528,9527,12001,582984,0.5
1900-01-25 04:26:30,7861.0,956274,7861.5,1569407,20608,4084,16524,-613133,0.5
1900-01-25 04:26:45,7859.0,18143,7859.5,831517,115445,196735,-81290,-813374,0.5
1900-01-25 04:27:00,7855.0,261512,7855.5,826583,18627,212664,-194037,-565071,0.5
1900-01-25 04:27:15,7855.0,763084,7855.5,495582,60259,29682,30577,267502,0.5
1900-01-25 04:27:30,7854.5,21851,7855.0,626984,5660,87930,-82270,-605133,0.5
1900-01-25 04:27:45,7853.5,7213,7854.0,666123,17105,105114,-88009,-658910,0.5
1900-01-25 04:28:00,7852.5,605128,7853.0,399428,5430,87701,-82271,205700,0.5
1900-01-25 04:28:15,7852.5,728777,7853.0,278026,25405,59020,-33615,450751,0.5
1900-01-25 04:28:30,7853.0,708288,7853.5,267149,90456,15326,75130,441139,0.5
1900-01-25 04:28:45,7853.0,985995,7853.5,302056,33520,4782,28738,683939,0.5
1900-01-25 04:29:00,7853.0,1013404,7853.5,368716,3665,161,3504,644688,0.5
1900-01-25 04:29:15,7853.0,1083174,7853.5,389487,11064,5580,5484,693687,0.5
1900-01-25 04:29:30,7853.0,1022226,7853.5,297526,92491,10630,81861,724700,0.5
1900-01-25 04:29:45,7853.0,1144960,7853.5,102162,131937,1416,130521,1042798,0.5
1900-01-25 04:30:00,7853.0,1232190,7853.5,46302,28107,1736,26371,1185888,0.5
1900-01-25 04:30:15,7853.0,1179829,7853.5,49225,33000,14613,18387,1130604,0.5
1900-01-25 04:30:30,7853.0,920851,7853.5,275175,1992,644,1348,645676,0.5
1900-01-25 04:30:45,7853.0,868631,7853.5,337297,11422,3000,8422,531334,0.5
1900-01-25 04:31:00,7853.0,901852,7853.5,336947,2772,6,2766,564905,0.5
1900-01-25 04:31:15,7853.0,945381,7853.5,523080,4185,17622,-13437,422301,0.5
1900-01-25 04:31:30,7853.0,595660,7853.5,768651,16091,2574,13517,-172991,0.5
1900-01-25 04:31:45,7853.0,1001009,7853.5,288004,26707,10117,16590,713005,0.5
1900-01-25 04:32:00,7853.0,855205,7853.5,467703,6522,15200,-8678,387502,0.5
1900-01-25 04:32:15,7853.0,730541,7853.5,681997,432,19412,-18980,48544,0.5
1900-01-25 04:32:30,7852.5,109915,7853.0,1055459,12000,123137,-111137,-945544,0.5
1900-01-25 04:32:45,7851.5,247883,7852.0,764702,12000,75174,-63174,-516819,0.5
1900-01-25 04:33:00,7850.5,529334,7851.0,666707,1424,290406,-288982,-137373,0.5
1900-01-25 04:33:15,7850.5,514235,7851.0,606764,5072,9664,-4592,-92529,0.5
1900-01-25 04:33:30,7850.5,445879,7851.0,576024,20432,190415,-169983,-130145,0.5
1900-01-25 04:33:45,7850.5,797938,7851.0,728822,12132,14461,-2329,69116,0.5
1900-01-25 04:34:00,7850.5,761313,7851.0,983733,5332,133143,-127811,-222420,0.5
1900-01-25 04:34:15,7850.5,701076,7851.0,826494,5480,1474,4006,-125418,0.5
1900-01-25 04:34:30,7850.0,478980,7850.5,977973,34381,114961,-80580,-498993,0.5
1900-01-25 04:34:45,7849.0,42153,7849.5,910216,500,213075,-212575,-868063,0.5
1900-01-25 04:35:00,7849.0,61017,7849.5,952597,24981,71809,-46828,-891580,0.5
1900-01-25 04:35:15,7849.0,668898,7849.5,615394,36202,7467,28735,53504,0.5
1900-01-25 04:35:30,7849.0,626505,7849.5,436858,7303,8379,-1076,189647,0.5
1900-01-25 04:35:45,7849.0,450633,7849.5,713266,8726,67552,-58826,-262633,0.5
1900-01-25 04:36:00,7849.0,462601,7849.5,506634,972,5530,-4558,-44033,0.5
1900-01-25 04:36:15,7849.0,553855,7849.5,523509,11960,9003,2957,30346,0.5
1900-01-25 04:36:30,7850.5,1167933,7851.0,60579,104760,4000,100760,1107354,0.5
1900-01-25 04:36:45,7854.5,599347,7855.0,460703,422408,328,422080,138644,0.5
1900-01-25 04:37:00,7854.5,500111,7855.0,411181,44494,1168,43326,88930,0.5
1900-01-25 04:37:15,7854.5,731380,7855.0,275747,31307,13406,17901,455633,0.5
1900-01-25 04:37:30,7854.5,1047807,7855.0,173666,86335,2319,84016,874141,0.5
1900-01-25 04:37:45,7857.0,870513,7857.5,264911,222357,20,222337,605602,0.5
1900-01-25 04:38:00,7864.0,459740,7864.5,465485,296457,1240,295217,-5745,0.5
1900-01-25 04:38:15,7862.0,581366,7862.5,216238,24499,26296,-1797,365128,0.5
1900-01-25 04:38:30,7862.0,732894,7862.5,191525,14775,683,14092,541369,0.5
1900-01-25 04:38:45,7862.0,674698,7862.5,246695,76745,683,76062,428003,0.5
1900-01-25 04:39:00,7862.5,929288,7863.0,16237,81302,1,81301,913051,0.5
1900-01-25 04:39:15,7862.0,2576,7862.5,887475,9520,13450,-3930,-884899,0.5
1900-01-25 04:39:30,7862.0,1059913,7862.5,304149,141505,47248,94257,755764,0.5
1900-01-25 04:39:45,7862.0,412991,7862.5,934144,160450,535,159915,-521153,0.5
1900-01-25 04:40:00,7860.5,92660,7861.0,747757,15714,16294,-580,-655097,0.5
1900-01-25 04:40:15,7860.5,643376,7861.0,449658,241,4628,-4387,193718,0.5
1900-01-25 04:40:30,7861.5,1190452,7862.0,32913,66758,115396,-48638,1157539,0.5
1900-01-25 04:40:45,7862.0,1933672,7862.5,333902,83664,371,83293,1599770,0.5
1900-01-25 04:41:00,7862.0,1822885,7862.5,190296,126087,50,126037,1632589,0.5
1900-01-25 04:41:15,7862.0,234598,7862.5,762460,16875,3001,13874,-527862,0.5
1900-01-25 04:41:30,7862.0,233083,7862.5,840910,10000,16658,-6658,-607827,0.5
1900-01-25 04:41:45,7862.0,215973,7862.5,866114,406,12517,-12111,-650141,0.5
1900-01-25 04:42:00,7862.0,1368451,7862.5,637087,9393,23579,-14186,731364,0.5
1900-01-25 04:42:15,7862.0,1066241,7862.5,575674,32800,239141,-206341,490567,0.5
1900-01-25 04:42:30,7862.0,1126992,7862.5,528260,7005,30060,-23055,598732,0.5
1900-01-25 04:43:00,7862.0,576695,7862.5,937832,4277,4260,17,-361137,0.5
1900-01-25 04:43:15,7862.0,1187568,7862.5,425637,4000,4260,-260,761931,0.5
1900-01-25 04:43:30,7862.0,555471,7862.5,826525,31733,12167,19566,-271054,0.5
1900-01-25 04:43:45,7862.0,607811,7862.5,811875,3257,37200,-33943,-204064,0.5
1900-01-25 04:44:00,7862.0,703135,7862.5,846630,2010,15201,-13191,-143495,0.5
1900-01-25 04:44:15,7862.0,706815,7862.5,801260,22,6001,-5979,-94445,0.5
1900-01-25 04:44:30,7862.0,1169454,7862.5,92204,81948,6001,75947,1077250,0.5
1900-01-25 04:44:45,7862.5,1396564,7863.0,240622,193038,100,192938,1155942,0.5
1900-01-25 04:45:00,7862.5,1788920,7863.0,113464,82700,100,82600,1675456,0.5
1900-01-25 04:45:15,7862.5,1115528,7863.0,110328,50743,5005,45738,1005200,0.5
1900-01-25 04:45:30,7862.5,104647,7863.0,707266,25465,17020,8445,-602619,0.5
1900-01-25 04:45:45,7862.5,265433,7863.0,756375,247,9904,-9657,-490942,0.5
1900-01-25 04:46:00,7862.0,406029,7862.5,735482,7748,93826,-86078,-329453,0.5
1900-01-25 04:46:15,7860.0,33219,7860.5,667187,230,337452,-337222,-633968,0.5
1900-01-25 04:46:30,7858.0,9550,7858.5,824911,15560,31605,-16045,-815361,0.5
1900-01-25 04:46:45,7855.5,34132,7856.0,555428,166,140488,-140322,-521296,0.5
1900-01-25 04:47:00,7852.0,46614,7852.5,733633,46734,112023,-65289,-687019,0.5
1900-01-25 04:47:15,7849.5,1030705,7850.0,384741,91854,170578,-78724,645964,0.5
1900-01-25 04:47:30,7849.5,647980,7850.0,658898,34282,1150,33132,-10918,0.5
1900-01-25 04:47:45,7849.5,1675,7850.0,1138959,21402,11594,9808,-1137284,0.5
1900-01-25 04:48:00,7847.0,60745,7847.5,557346,14731,249484,-234753,-496601,0.5
1900-01-25 04:48:15,7845.0,708047,7845.5,378048,18127,114668,-96541,329999,0.5
1900-01-25 04:48:30,7845.5,1730425,7846.0,345870,130525,88173,42352,1384555,0.5
1900-01-25 04:48:45,7845.5,1765510,7846.0,1176895,49298,19601,29697,588615,0.5
1900-01-25 04:49:00,7845.5,1714691,7846.0,1239747,18002,19108,-1106,474944,0.5
1900-01-25 04:49:15,7845.5,1608291,7846.0,1402139,8501,3050,5451,206152,0.5
1900-01-25 04:49:30,7845.5,1382939,7846.0,1363719,2720,14303,-11583,19220,0.5
1900-01-25 04:49:45,7845.5,1376748,7846.0,456292,12900,15362,-2462,920456,0.5
1900-01-25 04:50:00,7845.5,78649,7846.0,1114822,719,46710,-45991,-1036173,0.5
1900-01-25 04:50:15,7842.0,1031454,7842.5,361673,71067,212052,-140985,669781,0.5
1900-01-25 04:50:30,7842.0,992070,7842.5,324579,810,74773,-73963,667491,0.5
1900-01-25 04:50:45,7842.0,820885,7842.5,386235,17413,14674,2739,434650,0.5
1900-01-25 04:51:00,7842.0,858057,7842.5,233660,6758,10327,-3569,624397,0.5
1900-01-25 04:51:15,7842.0,761712,7842.5,257269,74588,105807,-31219,504443,0.5
1900-01-25 04:51:30,7842.0,785560,7842.5,376747,4611,17711,-13100,408813,0.5
1900-01-25 04:51:45,7842.0,888421,7842.5,68342,12791,1648,11143,820079,0.5
1900-01-25 04:52:00,7841.5,66921,7842.0,2426818,294509,17551,276958,-2359897,0.5
1900-01-25 04:52:15,7840.0,580407,7840.5,842295,12000,416398,-404398,-261888,0.5
1900-01-25 04:52:30,7834.0,167579,7834.5,465691,5098,142402,-137304,-298112,0.5
1900-01-25 04:52:45,7834.0,599012,7834.5,951101,62073,32254,29819,-352089,0.5
1900-01-25 04:53:00,7834.0,494016,7834.5,912453,19792,114346,-94554,-418437,0.5
1900-01-25 04:53:15,7833.0,202459,7833.5,475884,29587,355616,-326029,-273425,0.5
1900-01-25 04:53:30,7832.5,433126,7833.0,464999,40948,92563,-51615,-31873,0.5
1900-01-25 04:53:45,7832.5,475060,7833.0,875731,34096,121615,-87519,-400671,0.5
1900-01-25 04:54:00,7832.5,480430,7833.0,816982,26021,50485,-24464,-336552,0.5
1900-01-25 04:54:15,7832.5,457995,7833.0,762217,10751,62456,-51705,-304222,0.5
1900-01-25 04:54:30,7832.5,658627,7833.0,654204,98530,26661,71869,4423,0.5
1900-01-25 04:54:45,7832.5,597516,7833.0,889145,110852,13019,97833,-291629,0.5
1900-01-25 04:55:00,7832.5,790291,7833.0,698724,90675,627,90048,91567,0.5
1900-01-25 04:55:15,7836.5,402319,7837.0,167784,803451,8263,795188,234535,0.5
1900-01-25 04:55:30,7839.5,768160,7840.0,6165,233437,32364,201073,761995,0.5
1900-01-25 04:55:45,7841.5,372625,7842.0,849746,222602,48116,174486,-477121,0.5
1900-01-25 04:56:00,7841.5,85782,7842.0,1058940,64835,57007,7828,-973158,0.5
1900-01-25 04:56:15,7841.5,83283,7842.0,1175165,39523,14826,24697,-1091882,0.5
1900-01-25 04:56:30,7836.0,550736,7836.5,318985,57535,4957,52578,231751,0.5
1900-01-25 04:56:45,7836.0,255032,7836.5,753432,17355,12556,4799,-498400,0.5
1900-01-25 04:57:00,7836.0,365766,7836.5,384962,5000,47768,-42768,-19196,0.5
1900-01-25 04:57:15,7835.0,63237,7835.5,1166252,16289,5072,11217,-1103015,0.5
1900-01-25 04:57:30,7833.5,259829,7834.0,207756,18274,67735,-49461,52073,0.5
1900-01-25 04:57:45,7835.0,518177,7835.5,270583,40107,58372,-18265,247594,0.5
1900-01-25 04:58:00,7835.0,700658,7835.5,26940,82800,1950,80850,673718,0.5
1900-01-25 04:58:15,7840.5,447365,7841.0,23726,83968,8503,75465,423639,0.5
1900-01-25 04:58:30,7839.5,292387,7840.0,465203,45344,25261,20083,-172816,0.5
1900-01-25 04:58:45,7839.5,686649,7840.0,6594,118325,396,117929,680055,0.5
1900-01-25 04:59:00,7843.5,707430,7844.0,1439,68658,1284,67374,705991,0.5
1900-01-25 04:59:15,7844.5,556720,7845.0,362500,37791,5945,31846,194220,0.5
1900-01-25 04:59:30,7844.5,614725,7845.0,38665,33401,12643,20758,576060,0.5
1900-01-25 04:59:45,7843.5,68929,7844.0,667450,42310,32981,9329,-598521,0.5
1900-01-25 05:00:00,7843.5,650288,7844.0,57794,31235,19125,12110,592494,0.5
1900-01-25 05:00:15,7843.5,532922,7844.0,307905,53319,194391,-141072,225017,0.5
1900-01-25 05:00:30,7843.5,491431,7844.0,345768,11101,1000,10101,145663,0.5
1900-01-25 05:00:45,7843.5,64410,7844.0,1145317,202,7101,-6899,-1080907,0.5
1900-01-25 05:01:00,7843.0,8915,7843.5,1375928,545,66026,-65481,-1367013,0.5
1900-01-25 05:01:15,7841.5,76890,7842.0,1059348,29466,18333,11133,-982458,0.5
1900-01-25 05:01:30,7840.0,2416,7840.5,830216,2000,137775,-135775,-827800,0.5
1900-01-25 05:01:45,7838.0,203521,7838.5,932658,7458,29071,-21613,-729137,0.5
1900-01-25 05:02:00,7836.0,328672,7836.5,236027,9707,203236,-193529,92645,0.5
1900-01-25 05:02:15,7836.0,555861,7836.5,300256,7320,10829,-3509,255605,0.5
1900-01-25 05:02:30,7836.0,715849,7836.5,263828,3701,1241,2460,452021,0.5
1900-01-25 05:02:45,7836.0,1294793,7836.5,104055,16461,412,16049,1190738,0.5
1900-01-25 05:03:00,7838.0,430051,7838.5,247234,45666,60,45606,182817,0.5
1900-01-25 05:03:15,7838.5,448184,7839.0,44483,22559,1000,21559,403701,0.5
1900-01-25 05:03:30,7840.0,621008,7840.5,24832,76762,5439,71323,596176,0.5
1900-01-25 05:03:45,7841.5,343012,7842.0,1180786,47635,10026,37609,-837774,0.5
1900-01-25 05:04:00,7841.0,96005,7841.5,1345340,38974,139772,-100798,-1249335,0.5
1900-01-25 05:04:15,7841.0,301133,7841.5,1657915,33583,569579,-535996,-1356782,0.5
1900-01-25 05:04:30,7838.5,217572,7839.0,812700,23674,43585,-19911,-595128,0.5
1900-01-25 05:04:45,7838.5,376916,7839.0,550508,85645,12858,72787,-173592,0.5
1900-01-25 05:05:00,7838.5,369447,7839.0,429769,79,834,-755,-60322,0.5
1900-01-25 05:05:15,7838.5,397101,7839.0,694794,1501,31,1470,-297693,0.5
1900-01-25 05:05:30,7838.5,286332,7839.0,739056,6622,8585,-1963,-452724,0.5
1900-01-25 05:05:45,7837.0,491208,7837.5,520832,841,19180,-18339,-29624,0.5
1900-01-25 05:06:00,7837.0,346571,7837.5,984262,25658,43401,-17743,-637691,0.5
1900-01-25 05:06:15,7837.0,302982,7837.5,827386,3267,21051,-17784,-524404,0.5
1900-01-25 05:06:30,7837.0,731406,7837.5,255156,28653,24026,4627,476250,0.5
1900-01-25 05:06:45,7837.0,721595,7837.5,230938,7016,3006,4010,490657,0.5
1900-01-25 05:07:00,7837.0,458449,7837.5,276843,4525,100450,-95925,181606,0.5
1900-01-25 05:07:15,7837.0,630647,7837.5,183014,10380,73501,-63121,447633,0.5
1900-01-25 05:07:30,7837.0,214241,7837.5,781241,11040,250,10790,-567000,0.5
1900-01-25 05:07:45,7832.5,143535,7833.0,1138782,13800,502119,-488319,-995247,0.5
1900-01-25 05:08:00,7823.0,31878,7824.5,533152,22770,500790,-478020,-501274,1.5
1900-01-25 05:08:15,7831.0,50056,7831.5,351261,303426,471122,-167696,-301205,0.5
1900-01-25 05:08:30,7831.0,194294,7831.5,1499236,12695,47907,-35212,-1304942,0.5
1900-01-25 05:08:45,7827.0,732382,7828.0,81698,67743,122760,-55017,650684,1.0
1900-01-25 05:09:00,7827.5,367024,7828.0,230123,194489,175679,18810,136901,0.5
1900-01-25 05:09:15,7827.5,437646,7828.0,285798,111855,29250,82605,151848,0.5
1900-01-25 05:09:30,7830.0,533416,7830.5,259704,73327,720,72607,273712,0.5
1900-01-25 05:09:45,7831.0,537435,7831.5,296938,48324,451,47873,240497,0.5
1900-01-25 05:10:00,7831.0,384344,7831.5,907109,20694,14111,6583,-522765,0.5
1900-01-25 05:10:15,7831.0,666937,7831.5,267124,10422,37350,-26928,399813,0.5
1900-01-25 05:10:30,7831.0,5000,7831.5,1066787,50258,190813,-140555,-1061787,0.5
1900-01-25 05:10:45,7829.0,1212,7829.5,1294446,7950,119280,-111330,-1293234,0.5
1900-01-25 05:11:00,7827.5,655671,7828.0,384989,33457,14455,19002,270682,0.5
1900-01-25 05:11:15,7827.5,634178,7828.0,423591,6500,53370,-46870,210587,0.5
1900-01-25 05:11:30,7827.0,111091,7827.5,1131483,92080,102011,-9931,-1020392,0.5
1900-01-25 05:11:45,7825.5,91515,7826.0,663665,31146,59961,-28815,-572150,0.5
1900-01-25 05:12:00,7821.0,294131,7821.5,631226,72696,306310,-233614,-337095,0.5
1900-01-25 05:12:15,7811.0,104922,7811.5,269430,34460,2307677,-2273217,-164508,0.5
1900-01-25 05:12:30,7817.5,7292,7818.0,110206,514572,136013,378559,-102914,0.5
1900-01-25 05:12:45,7816.5,458388,7817.0,2129,76639,93411,-16772,456259,0.5
1900-01-25 05:13:00,7818.0,783538,7818.5,24539,57686,81886,-24200,758999,0.5
1900-01-25 05:13:15,7820.5,713783,7821.0,405780,191767,27,191740,308003,0.5
1900-01-25 05:13:30,7821.0,688245,7821.5,1011885,302878,122472,180406,-323640,0.5
1900-01-25 05:13:45,7821.0,437612,7821.5,1101550,19565,92591,-73026,-663938,0.5
1900-01-25 05:14:00,7821.0,513667,7821.5,978048,70937,14352,56585,-464381,0.5
1900-01-25 05:14:15,7821.0,17518,7821.5,1159908,60104,81435,-21331,-1142390,0.5
1900-01-25 05:14:30,7816.5,743594,7817.0,96871,6941,50826,-43885,646723,0.5
1900-01-25 05:14:45,7818.5,54233,7819.0,711675,85440,51921,33519,-657442,0.5
1900-01-25 05:15:00,7818.0,60904,7818.5,686793,32861,11977,20884,-625889,0.5
1900-01-25 05:15:15,7817.5,24915,7818.0,955247,10225,31562,-21337,-930332,0.5
1900-01-25 05:15:30,7813.0,690971,7813.5,374900,32349,30980,1369,316071,0.5
1900-01-25 05:15:45,7809.5,232693,7810.0,466989,34274,310233,-275959,-234296,0.5
1900-01-25 05:16:00,7811.5,533363,7812.0,1177015,94608,151473,-56865,-643652,0.5
1900-01-25 05:16:15,7811.5,677134,7812.0,878702,25457,119834,-94377,-201568,0.5
1900-01-25 05:16:30,7816.0,473819,7816.5,5042,712525,12080,700445,468777,0.5
1900-01-25 05:16:45,7815.0,42208,7815.5,736651,7599,114885,-107286,-694443,0.5
1900-01-25 05:17:00,7813.0,432225,7813.5,132878,23442,17074,6368,299347,0.5
1900-01-25 05:17:15,7813.0,292679,7813.5,113006,124124,49016,75108,179673,0.5
1900-01-25 05:17:30,7814.0,343118,7814.5,527340,69096,3476,65620,-184222,0.5
1900-01-25 05:17:45,7814.0,106444,7814.5,516586,3600,98809,-95209,-410142,0.5
1900-01-25 05:18:00,7814.0,16394,7814.5,782649,11551,26269,-14718,-766255,0.5
1900-01-25 05:18:15,7811.5,221385,7812.0,900784,2991,175909,-172918,-679399,0.5
1900-01-25 05:18:30,7811.5,127792,7812.0,726403,15759,137600,-121841,-598611,0.5
1900-01-25 05:18:45,7807.0,540683,7807.5,66632,18025,82347,-64322,474051,0.5
1900-01-25 05:19:00,7807.5,606638,7808.0,164940,91910,84138,7772,441698,0.5
1900-01-25 05:19:15,7805.5,442046,7806.0,363899,52914,128880,-75966,78147,0.5
1900-01-25 05:19:30,7805.0,334316,7805.5,502903,18904,122156,-103252,-168587,0.5
1900-01-25 05:19:45,7805.0,371250,7805.5,986107,20985,110408,-89423,-614857,0.5
1900-01-25 05:20:00,7807.5,306469,7808.0,422190,227857,146617,81240,-115721,0.5
1900-01-25 05:20:15,7805.5,169094,7806.0,839555,24947,77240,-52293,-670461,0.5
1900-01-25 05:20:30,7807.0,509590,7807.5,76910,196115,106271,89844,432680,0.5
1900-01-25 05:20:45,7815.0,148187,7815.5,856260,340278,14324,325954,-708073,0.5
1900-01-25 05:21:00,7815.5,481622,7816.0,34811,155082,5813,149269,446811,0.5
