time,bid,bidSize,ask,askSize,buyMO
1900-01-01 00:00:00,7255.0,14392,7255.5,474703,21024
1900-01-01 00:00:15,7251.0,412077,7251.5,665739,85790
1900-01-01 00:00:30,7246.0,640,7246.5,684735,37898
1900-01-01 00:00:45,7263.5,51137,7264.0,13058,354615
1900-01-01 00:01:00,7262.5,78802,7263.0,1006739,316269
1900-01-01 00:01:15,7269.0,684600,7269.5,101442,493646
1900-01-01 00:01:30,7270.5,665569,7271.0,5503,430802
1900-01-01 00:01:45,7274.0,339577,7274.5,276033,109152
1900-01-01 00:02:00,7275.5,748348,7276.0,89226,318704
1900-01-01 00:02:15,7275.5,480707,7276.0,194925,90511
1900-01-01 00:02:30,7276.0,1015808,7276.5,88547,41275
1900-01-01 00:02:45,7276.0,1095482,7276.5,31543,55822
1900-01-01 00:03:00,7278.5,668,7279.0,423391,137767
1900-01-01 00:03:15,7274.0,1012499,7274.5,12252,75421
1900-01-01 00:03:30,7279.5,4991,7280.0,594921,171237
1900-01-01 00:03:45,7279.0,115588,7279.5,615827,92004
1900-01-01 00:04:00,7279.0,1107509,7279.5,84560,74047
1900-01-01 00:04:15,7292.5,122350,7293.0,73010,295043
1900-01-01 00:04:30,7288.0,31339,7288.5,120921,457234
1900-01-01 00:04:45,7283.5,883989,7284.0,731337,264508
1900-01-01 00:05:00,7283.5,145386,7284.0,881753,34829
1900-01-01 00:05:15,7282.5,178489,7283.0,692035,60604
1900-01-01 00:05:30,7280.0,122146,7280.5,882976,4460
1900-01-01 00:05:45,7278.0,292729,7278.5,160147,89475
1900-01-01 00:06:00,7278.0,193899,7278.5,411432,40131
1900-01-01 00:06:15,7278.0,309408,7278.5,318694,51783
1900-01-01 00:06:30,7278.0,128662,7278.5,965499,9567
1900-01-01 00:06:45,7277.0,398122,7277.5,943545,11090
1900-01-01 00:07:00,7277.0,358665,7277.5,336491,3882
1900-01-01 00:07:15,7278.5,157165,7279.0,36811,69746
1900-01-01 00:07:30,7284.5,575416,7285.0,38254,66592
1900-01-01 00:07:45,7284.5,181375,7285.0,490411,17273
1900-01-01 00:08:00,7284.5,868803,7285.0,223744,53194
1900-01-01 00:08:15,7285.5,462353,7286.0,10,44820
1900-01-01 00:08:30,7291.0,153342,7291.5,726831,172061
1900-01-01 00:08:45,7285.0,30062,7285.5,264269,61399
1900-01-01 00:09:00,7285.0,187521,7285.5,413397,17557
1900-01-01 00:09:15,7286.5,529501,7287.0,14067,84880
1900-01-01 00:09:30,7290.0,705969,7290.5,203,67160
1900-01-01 00:09:45,7293.5,460409,7294.0,96804,107676
1900-01-01 00:10:00,7296.5,434826,7297.0,63788,231187
1900-01-01 00:10:15,7296.5,31120,7297.0,397569,226008
1900-01-01 00:10:30,7291.0,468669,7291.5,58891,11124
1900-01-01 00:10:45,7291.0,607046,7291.5,675,89956
1900-01-01 00:11:00,7291.5,148242,7292.0,601961,24642
1900-01-01 00:11:15,7291.5,412139,7292.0,172069,16450
1900-01-01 00:11:30,7291.5,587348,7292.0,222122,14853
1900-01-01 00:11:45,7291.5,374167,7292.0,77777,174119
1900-01-01 00:12:00,7291.5,125280,7292.0,701186,12
1900-01-01 00:12:15,7289.5,277905,7290.0,887514,2663
1900-01-01 00:12:30,7289.5,166391,7290.0,608988,458
1900-01-01 00:12:45,7286.0,407931,7286.5,202195,64424
1900-01-01 00:13:00,7286.0,507863,7286.5,260340,17538
1900-01-01 00:13:15,7286.0,469268,7286.5,238894,23775
1900-01-01 00:13:30,7286.0,64517,7286.5,687777,3591
1900-01-01 00:13:45,7285.0,22476,7285.5,880496,508
1900-01-01 00:14:00,7285.0,670548,7285.5,729201,210
1900-01-01 00:14:15,7285.0,930053,7285.5,274706,32804
1900-01-01 00:14:30,7285.0,1043615,7285.5,261883,11803
1900-01-01 00:14:45,7285.0,847551,7285.5,505480,168981
1900-01-01 00:15:00,7285.0,748312,7285.5,799347,9503
1900-01-01 00:15:15,7285.0,695634,7285.5,779816,13094
1900-01-01 00:15:30,7285.0,784661,7285.5,386014,9501
1900-01-01 00:15:45,7285.0,890675,7285.5,317739,22926
1900-01-01 00:16:00,7285.0,1323824,7285.5,87673,24394
1900-01-01 00:16:15,7285.5,914046,7286.0,37518,45441
1900-01-01 00:16:30,7287.0,717341,7287.5,33608,95973
1900-01-01 00:16:45,7287.0,370720,7287.5,136050,20015
1900-01-01 00:17:00,7287.0,94007,7287.5,687740,13625
1900-01-01 00:17:15,7287.0,171357,7287.5,747349,4
1900-01-01 00:17:30,7287.0,375782,7287.5,444150,6200
1900-01-01 00:17:45,7287.0,156262,7287.5,807066,15004
1900-01-01 00:18:00,7286.5,105635,7287.0,1081214,77
1900-01-01 00:18:15,7285.5,6257,7286.0,193859,2
1900-01-01 00:18:30,7285.0,150137,7285.5,1486673,11435
1900-01-01 00:18:45,7275.0,463795,7275.5,216990,2258
1900-01-01 00:19:00,7276.5,707932,7277.0,132081,34061
1900-01-01 00:19:15,7276.5,1146693,7277.0,27999,81557
1900-01-01 00:19:30,7276.5,219144,7277.0,350897,31909
1900-01-01 00:19:45,7276.5,216888,7277.0,484934,1828
1900-01-01 00:20:00,7276.5,163531,7277.0,748612,0
1900-01-01 00:20:15,7277.0,18322,7277.5,645339,84920
1900-01-01 00:20:30,7275.0,730309,7275.5,194,6044
1900-01-01 00:20:45,7277.5,463525,7278.0,1228,15717
1900-01-01 00:21:00,7278.5,333387,7279.0,3031,14080
1900-01-01 00:21:15,7279.0,365633,7279.5,890,44037
1900-01-01 00:21:30,7280.0,138493,7280.5,432967,14948
1900-01-01 00:21:45,7282.0,168934,7282.5,964190,46303
1900-01-01 00:22:00,7282.0,13129,7282.5,1094206,16300
1900-01-01 00:22:15,7280.0,3641,7280.5,984034,12002
1900-01-01 00:22:30,7277.0,20026,7277.5,412261,1000
1900-01-01 00:22:45,7276.5,434439,7277.0,236396,5002
1900-01-01 00:23:00,7277.0,895895,7277.5,6998,56872
1900-01-01 00:23:15,7277.5,319026,7278.0,46313,6868
1900-01-01 00:23:30,7279.5,435736,7280.0,9034,33830
1900-01-01 00:23:45,7283.0,251194,7283.5,37691,9361
1900-01-01 00:24:00,7283.0,566138,7283.5,7976,45451
1900-01-01 00:24:15,7283.5,659756,7284.0,146889,38132
1900-01-01 00:24:30,7283.5,56806,7284.0,739426,10152
1900-01-01 00:24:45,7281.5,119241,7282.0,183653,1010
1900-01-01 00:25:00,7281.0,1436,7281.5,540919,505
1900-01-01 00:25:15,7281.0,15173,7281.5,590695,8010
1900-01-01 00:25:30,7281.0,12727,7281.5,599914,10
1900-01-01 00:25:45,7279.0,356936,7279.5,129807,10010
1900-01-01 00:26:00,7279.0,484443,7279.5,138053,1558
1900-01-01 00:26:15,7279.0,237041,7279.5,176706,20000
1900-01-01 00:26:30,7279.0,792686,7279.5,27977,19103
1900-01-01 00:26:45,7279.0,460462,7279.5,22450,11022
1900-01-01 00:27:00,7279.5,104704,7280.0,634,40038
1900-01-01 00:27:15,7282.5,673610,7283.0,34228,14589
1900-01-01 00:27:30,7283.0,710001,7283.5,191103,125196
1900-01-01 00:27:45,7283.0,723712,7283.5,169571,87224
1900-01-01 00:28:00,7283.5,1550649,7284.0,265290,43612
1900-01-01 00:28:15,7285.5,510243,7286.0,6032,67573
1900-01-01 00:28:30,7295.5,385426,7296.0,403842,97747
1900-01-01 00:28:45,7294.5,3867,7295.0,969118,88046
1900-01-01 00:29:00,7295.5,424657,7296.0,91809,239874
1900-01-01 00:29:15,7297.0,499693,7297.5,506528,593983
1900-01-01 00:29:30,7299.0,430549,7299.5,167873,209762
1900-01-01 00:29:45,7299.0,354158,7299.5,401374,11470
1900-01-01 00:30:00,7299.0,258870,7299.5,788884,11916
1900-01-01 00:30:15,7298.5,3335,7299.0,615066,65706
1900-01-01 00:30:30,7296.5,385236,7297.0,311171,14900
1900-01-01 00:30:45,7296.5,209472,7297.0,164401,145424
1900-01-01 00:31:00,7296.5,613699,7297.0,169223,57636
1900-01-01 00:31:15,7296.5,581052,7297.0,111430,32132
1900-01-01 00:31:30,7296.5,1040664,7297.0,34998,52665
1900-01-01 00:31:45,7297.0,984793,7297.5,52287,56286
1900-01-01 00:32:00,7297.0,1179064,7297.5,12147,128294
1900-01-01 00:32:15,7299.0,357898,7299.5,383584,209805
1900-01-01 00:32:30,7299.0,756334,7299.5,214655,12932
1900-01-01 00:32:45,7302.5,486532,7303.0,372790,130852
1900-01-01 00:33:00,7304.0,367622,7304.5,505422,16744
1900-01-01 00:33:15,7304.0,237989,7304.5,592953,17660
1900-01-01 00:33:30,7304.0,31509,7304.5,906441,3280
1900-01-01 00:33:45,7302.0,103467,7302.5,499741,5530
1900-01-01 00:34:00,7302.0,70488,7302.5,540403,8726
1900-01-01 00:34:15,7302.0,2010,7302.5,600513,7090
1900-01-01 00:34:30,7300.0,706609,7300.5,700637,11022
1900-01-01 00:34:45,7300.0,1054883,7300.5,116214,48
1900-01-01 00:35:00,7306.0,704842,7306.5,45032,62544
1900-01-01 00:35:15,7307.5,1000447,7308.0,56085,33239
1900-01-01 00:35:30,7309.0,1255751,7309.5,239647,23441
1900-01-01 00:35:45,7309.0,1065657,7309.5,616896,38056
1900-01-01 00:36:00,7309.0,1031925,7309.5,691918,14188
1900-01-01 00:36:15,7309.0,344763,7309.5,748904,50114
1900-01-01 00:36:30,7304.5,24149,7305.0,753002,0
1900-01-01 00:36:45,7303.0,64,7303.5,936271,9452
1900-01-01 00:37:00,7300.0,359068,7300.5,609041,42396
1900-01-01 00:37:15,7297.0,44618,7297.5,628379,34084
1900-01-01 00:37:30,7293.0,55828,7293.5,630884,20470
1900-01-01 00:37:45,7292.0,594443,7292.5,124143,22001
1900-01-01 00:38:00,7293.5,243122,7294.0,259250,107507
1900-01-01 00:38:15,7294.5,436279,7295.0,5840,72829
1900-01-01 00:38:30,7296.0,108972,7296.5,336168,14963
1900-01-01 00:38:45,7296.0,248568,7296.5,505266,1500
1900-01-01 00:39:00,7296.0,490702,7296.5,165747,10578
1900-01-01 00:39:15,7290.5,104806,7291.0,728208,11984
1900-01-01 00:39:30,7281.5,472885,7282.0,814318,8461
1900-01-01 00:39:45,7283.5,682642,7284.0,1147,213557
1900-01-01 00:40:00,7286.0,171723,7286.5,193306,38395
1900-01-01 00:40:15,7286.0,1042845,7286.5,91129,22440
1900-01-01 00:40:30,7287.5,97112,7288.0,483251,40308
1900-01-01 00:40:45,7285.0,26506,7285.5,643521,2
1900-01-01 00:41:00,7285.0,10273,7285.5,928724,0
1900-01-01 00:41:15,7284.5,44118,7285.0,1119292,100
1900-01-01 00:41:30,7284.0,52750,7284.5,843021,48000
1900-01-01 00:41:45,7284.0,161607,7284.5,493855,8410
1900-01-01 00:42:00,7284.0,557447,7284.5,194740,25012
1900-01-01 00:42:15,7284.0,500546,7284.5,349724,13678
1900-01-01 00:42:30,7284.0,676607,7284.5,224845,3010
1900-01-01 00:42:45,7284.0,651339,7284.5,256291,3000
1900-01-01 00:43:00,7284.0,816703,7284.5,109379,183142
1900-01-01 00:43:15,7284.0,774638,7284.5,64819,6100
1900-01-01 00:43:30,7284.0,447183,7284.5,457103,8000
1900-01-01 00:43:45,7282.0,114227,7282.5,587888,200
1900-01-01 00:44:00,7281.0,6538,7281.5,641394,2
1900-01-01 00:44:15,7279.0,1000625,7279.5,38131,7831
1900-01-01 00:44:30,7282.0,697421,7282.5,70435,221544
1900-01-01 00:44:45,7282.0,886299,7282.5,6124,34879
1900-01-01 00:45:00,7281.5,133656,7282.0,180357,35053
1900-01-01 00:45:15,7283.0,645603,7283.5,273,53992
1900-01-01 00:45:30,7283.5,249943,7284.0,35329,10450
1900-01-01 00:45:45,7284.0,140663,7284.5,9070,43930
1900-01-01 00:46:00,7284.5,685416,7285.0,274846,15810
1900-01-01 00:46:15,7284.5,986764,7285.0,202972,68193
1900-01-01 00:46:30,7284.5,913407,7285.0,128974,94371
1900-01-01 00:46:45,7287.0,633239,7287.5,33057,131826
1900-01-01 00:47:00,7287.5,205188,7288.0,376524,27953
1900-01-01 00:47:15,7288.5,308725,7289.0,30378,233674
1900-01-01 00:47:30,7288.5,443737,7289.0,48920,2709
1900-01-01 00:47:45,7288.5,516637,7289.0,62950,9000
1900-01-01 00:48:00,7288.5,382391,7289.0,55746,16658
1900-01-01 00:48:15,7290.5,823456,7291.0,14686,82815
1900-01-01 00:48:30,7291.5,60907,7292.0,404497,11264
1900-01-01 00:48:45,7292.0,360428,7292.5,14511,6382
1900-01-01 00:49:00,7292.5,249570,7293.0,19911,17791
1900-01-01 00:49:15,7294.0,462565,7294.5,1254,15256
1900-01-01 00:49:30,7295.0,771234,7295.5,33104,90750
1900-01-01 00:49:45,7297.5,172280,7298.0,559814,22454
1900-01-01 00:50:00,7298.5,1234398,7299.0,899,35646
1900-01-01 00:50:15,7304.0,9,7304.5,786249,155882
1900-01-01 00:50:30,7302.5,160924,7303.0,252000,26806
1900-01-01 00:50:45,7302.5,230885,7303.0,335272,11653
1900-01-01 00:51:00,7302.5,83508,7303.0,622863,2428
1900-01-01 00:51:15,7302.5,39159,7303.0,832949,6402
1900-01-01 00:51:30,7299.5,74499,7300.0,624599,1269
1900-01-01 00:51:45,7299.5,25139,7300.0,648416,56
1900-01-01 00:52:00,7297.5,151170,7298.0,559589,3115
1900-01-01 00:52:15,7297.5,159638,7298.0,537624,25864
1900-01-01 00:52:30,7297.5,85077,7298.0,708582,41
1900-01-01 00:52:45,7297.0,60199,7297.5,613658,24588
1900-01-01 00:53:00,7293.5,5120,7294.0,482434,30326
1900-01-01 00:53:15,7292.5,438858,7293.0,207757,7805
1900-01-01 00:53:30,7292.5,33903,7293.0,675068,5216
1900-01-01 00:53:45,7292.5,27593,7293.0,652795,3359
1900-01-01 00:54:00,7292.5,550010,7293.0,64808,35158
1900-01-01 00:54:15,7292.5,457387,7293.0,482640,3279
1900-01-01 00:54:30,7292.5,890995,7293.0,82634,11163
1900-01-01 00:54:45,7293.0,2910964,7293.5,6215,14888
1900-01-01 00:55:00,7297.0,2420304,7297.5,149477,32652
1900-01-01 00:55:15,7303.0,1927188,7303.5,74294,116297
1900-01-01 00:55:30,7306.0,890909,7306.5,1023207,231212
1900-01-01 00:55:45,7306.0,666693,7306.5,778711,201118
1900-01-01 00:56:00,7306.0,979852,7306.5,911264,5200
1900-01-01 00:56:15,7306.0,803007,7306.5,1067237,110
1900-01-01 00:56:30,7306.0,801239,7306.5,1096089,4256
1900-01-01 00:56:45,7306.0,937073,7306.5,1221072,6092
1900-01-01 00:57:00,7306.0,815179,7306.5,1278464,0
1900-01-01 00:57:15,7306.0,742195,7306.5,1103961,49642
1900-01-01 00:57:30,7306.0,694367,7306.5,1089492,10078
1900-01-01 00:57:45,7300.5,3568,7301.0,571961,1072
1900-01-01 00:58:00,7299.0,406101,7299.5,277309,700
1900-01-01 00:58:15,7299.0,602193,7299.5,372080,6066
1900-01-01 00:58:30,7299.0,676055,7299.5,378935,660
1900-01-01 00:58:45,7299.0,100541,7299.5,672002,3066
1900-01-01 00:59:00,7299.0,87781,7299.5,759034,0
1900-01-01 00:59:15,7295.0,123946,7295.5,539181,3052
1900-01-01 00:59:30,7295.0,5373,7295.5,766009,48
1900-01-01 00:59:45,7293.5,359459,7294.0,319494,450
1900-01-01 01:00:00,7293.5,690064,7294.0,254911,3943
1900-01-01 01:00:15,7293.5,764535,7294.0,172349,28408
1900-01-01 01:00:30,7299.5,888969,7300.0,59471,73685
1900-01-01 01:00:45,7302.0,213752,7302.5,733659,62416
1900-01-01 01:01:00,7302.0,927074,7302.5,246262,12088
1900-01-01 01:01:15,7302.0,1354793,7302.5,53036,85432
1900-01-01 01:01:30,7303.5,1148311,7304.0,2808,52771
1900-01-01 01:01:45,7305.5,1422730,7306.0,10174,44661
1900-01-01 01:02:00,7310.0,2312193,7310.5,2796,213552
1900-01-01 01:02:15,7314.0,1423004,7314.5,31124,254164
1900-01-01 01:02:30,7314.5,1230904,7315.0,1855563,158700
1900-01-01 01:02:45,7316.5,1424166,7317.0,17973,2478909
1900-01-01 01:03:00,7316.5,1361043,7317.0,87165,190544
1900-01-01 01:03:15,7318.5,100297,7319.0,350286,239548
1900-01-01 01:03:30,7318.5,891603,7319.0,402251,79397
1900-01-01 01:03:45,7318.5,312592,7319.0,504911,101816
1900-01-01 01:04:00,7318.5,293057,7319.0,767457,8603
1900-01-01 01:04:15,7318.5,272235,7319.0,681091,22654
1900-01-01 01:04:30,7318.5,228371,7319.0,717014,402241
1900-01-01 01:04:45,7318.5,11957,7319.0,1425332,120782
1900-01-01 01:05:00,7316.0,49,7316.5,1476100,33874
1900-01-01 01:05:15,7314.0,11038,7314.5,1362880,464
1900-01-01 01:05:30,7312.5,23666,7313.0,1076007,10247
1900-01-01 01:05:45,7311.5,8208,7312.0,948358,10428
1900-01-01 01:06:00,7311.5,461424,7312.0,888933,14022
1900-01-01 01:06:15,7311.5,1045100,7312.0,213612,21784
1900-01-01 01:06:30,7317.5,517775,7318.0,266154,120396
1900-01-01 01:06:45,7325.0,343871,7325.5,527497,149299
1900-01-01 01:07:00,7329.0,1116755,7329.5,83208,411578
1900-01-01 01:07:15,7332.0,1433030,7332.5,4407,669545
1900-01-01 01:07:30,7338.5,485484,7339.0,692290,365810
1900-01-01 01:07:45,7334.0,538635,7334.5,127152,125353
1900-01-01 01:08:00,7334.0,346633,7334.5,359123,62696
1900-01-01 01:08:15,7346.5,83833,7347.0,1078909,1051940
1900-01-01 01:08:30,7365.0,120516,7369.5,2341,2684804
1900-01-01 01:08:45,7354.5,22058,7355.0,258,854268
1900-01-01 01:09:00,7366.0,9707,7366.5,57366,517149
1900-01-01 01:09:15,7364.0,616908,7364.5,80312,278844
1900-01-01 01:09:30,7369.5,81191,7370.0,1445331,630506
1900-01-01 01:09:45,7374.5,314799,7375.0,136846,1329649
1900-01-01 01:10:00,7378.5,262842,7379.0,196044,928129
1900-01-01 01:10:15,7386.0,103750,7386.5,40393,768706
1900-01-01 01:10:30,7383.0,588793,7383.5,26181,689923
1900-01-01 01:10:45,7390.5,71383,7391.0,38940,495154
1900-01-01 01:11:00,7390.0,135958,7390.5,950104,239392
1900-01-01 01:11:15,7385.0,848078,7385.5,186798,408172
1900-01-01 01:11:30,7384.5,39456,7385.0,297772,91574
1900-01-01 01:11:45,7385.5,26417,7386.0,12042,129262
1900-01-01 01:12:00,7395.5,16895,7396.5,1600,171912
1900-01-01 01:12:15,7395.0,152273,7395.5,557250,397027
1900-01-01 01:12:30,7398.5,641705,7399.0,220606,1237114
1900-01-01 01:12:45,7399.5,1157298,7400.0,391337,1611249
1900-01-01 01:13:00,7395.5,231177,7396.0,237202,243249
1900-01-01 01:13:15,7395.0,525070,7395.5,563195,40399
1900-01-01 01:13:30,7398.0,261378,7398.5,331162,212885
1900-01-01 01:13:45,7398.5,1023529,7399.0,13581,142524
1900-01-01 01:14:00,7418.5,16403,7419.0,36000,1828849
1900-01-01 01:14:15,7421.5,4535,7428.5,164914,4469844
1900-01-01 01:14:30,7429.5,309965,7430.0,120211,495185
1900-01-01 01:14:45,7440.0,313330,7440.5,210693,361973
1900-01-01 01:15:00,7449.5,198023,7450.0,718470,1551241
1900-01-01 01:15:15,7448.5,127273,7449.0,270080,398009
1900-01-01 01:15:30,7446.0,503941,7446.5,51731,1377039
1900-01-01 01:15:45,7455.0,999794,7455.5,133646,813780
1900-01-01 01:16:00,7461.5,651663,7462.0,2231,950809
1900-01-01 01:16:15,7459.0,21935,7459.5,209508,636645
1900-01-01 01:16:30,7455.0,36484,7456.5,39956,422900
1900-01-01 01:16:45,7440.0,366221,7440.5,62933,196914
1900-01-01 01:17:00,7428.0,39312,7428.5,115635,58425
1900-01-01 01:17:15,7436.0,58500,7436.5,10376,407149
1900-01-01 01:17:30,7444.0,33943,7444.5,16000,448495
1900-01-01 01:17:45,7454.5,283184,7455.0,430912,648230
1900-01-01 01:18:00,7473.5,867418,7474.0,1316597,763502
1900-01-01 01:18:15,7496.0,29472,7499.0,951642,4652108
1900-01-01 01:18:30,7511.5,34539,7514.0,74332,4911777
1900-01-01 01:18:45,7512.5,34678,7513.0,76770,4544738
1900-01-01 01:19:00,7499.0,13839,7499.5,11454,1228019
1900-01-01 01:19:15,7489.5,1199281,7490.0,8029,3033449
1900-01-01 01:19:30,7493.5,33862,7494.0,295634,973315
1900-01-01 01:19:45,7508.0,81899,7508.5,16739,1218701
1900-01-01 01:20:00,7521.0,4521,7521.5,20000,1225141
1900-01-01 01:20:15,7554.5,3832,7555.5,3000,5748759
1900-01-01 01:20:30,7550.0,46188,7550.5,10000,1131258
1900-01-01 01:20:45,7550.0,147349,7550.5,259,428338
1900-01-01 01:21:00,7547.0,16390,7547.5,19577,333062
1900-01-01 01:21:15,7555.5,147375,7560.0,172048,1723936
1900-01-01 01:21:30,7569.5,600,7571.0,79034,1120685
1900-01-01 01:21:45,7578.0,10000,7578.5,2000,1791236
1900-01-01 01:22:00,7572.0,315631,7572.5,231465,1241692
1900-01-01 01:22:15,7559.5,173565,7560.0,81576,481145
1900-01-01 01:22:30,7553.0,185009,7553.5,124813,673340
1900-01-01 01:22:45,7549.5,180173,7550.0,48151,1067134
1900-01-01 01:23:00,7559.5,428157,7560.0,46881,469470
1900-01-01 01:23:15,7572.5,109361,7573.0,216035,2118398
1900-01-01 01:23:30,7560.5,235150,7561.0,364956,751224
1900-01-01 01:23:45,7550.5,446591,7551.0,112313,550632
1900-01-01 01:24:00,7550.0,416884,7550.5,85825,236663
1900-01-01 01:24:15,7540.5,2546,7541.0,312021,245226
1900-01-01 01:24:30,7530.0,118623,7530.5,278547,93172
1900-01-01 01:24:45,7520.0,57563,7520.5,19573,451544
1900-01-01 01:25:00,7520.0,111714,7520.5,39330,497711
1900-01-01 01:25:15,7528.0,483953,7528.5,168355,604199
1900-01-01 01:25:30,7536.5,112940,7537.5,36084,935360
1900-01-01 01:25:45,7536.0,241310,7536.5,164748,443462
1900-01-01 01:26:00,7531.0,24988,7531.5,372759,242038
1900-01-01 01:26:15,7533.5,149800,7534.0,58,687940
1900-01-01 01:26:30,7542.5,156868,7543.0,392732,419284
1900-01-01 01:26:45,7528.5,624298,7529.0,99654,303267
1900-01-01 01:27:00,7530.5,4129,7531.0,84393,222954
1900-01-01 01:27:15,7557.0,221171,7557.5,683,245558
1900-01-01 01:27:30,7548.5,12304,7549.0,117213,459147
1900-01-01 01:27:45,7555.0,86172,7555.5,83860,330293
1900-01-01 01:28:00,7554.0,1473,7554.5,239850,561635
1900-01-01 01:28:15,7545.5,811164,7546.0,352484,248774
1900-01-01 01:28:30,7553.5,227403,7554.0,147363,765802
1900-01-01 01:28:45,7550.0,93037,7550.5,8000,500312
1900-01-01 01:29:00,7546.0,339295,7546.5,127351,563178
1900-01-01 01:29:15,7549.5,43000,7550.0,16027,982599
1900-01-01 01:29:30,7563.0,146332,7563.5,265877,1295170
1900-01-01 01:29:45,7569.5,1863187,7570.0,23422,833154
1900-01-01 01:30:00,7577.0,108265,7577.5,17525,3835691
1900-01-01 01:30:15,7592.0,6218,7598.0,460808,3522850
1900-01-01 01:30:30,7599.5,58504,7600.0,215927,2764815
1900-01-01 01:30:45,7615.5,83066,7616.0,36152,4724577
1900-01-01 01:31:00,7600.0,514018,7600.5,14193,2106162
1900-01-01 01:31:15,7588.0,29153,7588.5,482791,486437
1900-01-01 01:31:30,7589.0,27998,7589.5,3796,396756
1900-01-01 01:31:45,7602.0,79201,7602.5,307635,1586034
1900-01-01 01:32:00,7600.5,72230,7601.0,216122,660022
1900-01-01 01:32:15,7608.5,14608,7609.0,58021,1031745
1900-01-01 01:32:30,7614.0,253435,7614.5,323958,1706586
1900-01-01 01:32:45,7625.0,1236066,7625.5,234486,2194878
1900-01-01 01:33:00,7629.5,88802,7630.0,465290,1658748
1900-01-01 01:33:15,7637.0,75234,7638.5,5906,961631
1900-01-01 01:33:30,7640.5,86251,7641.0,70519,1522868
1900-01-01 01:33:45,7640.0,115901,7640.5,89245,802911
1900-01-01 01:34:00,7617.0,6850,7617.5,74775,185124
1900-01-01 01:34:15,7610.0,1010,7612.0,84400,654041
1900-01-01 01:34:30,7585.0,56574,7585.5,154581,330528
1900-01-01 01:34:45,7600.0,205823,7600.5,10528,807412
1900-01-01 01:35:00,7620.5,159820,7621.0,164179,955319
1900-01-01 01:35:15,7623.0,9545,7623.5,339496,1215162
1900-01-01 01:35:30,7622.5,18998,7623.0,109251,581307
1900-01-01 01:35:45,7623.5,12817,7624.0,244824,733347
1900-01-01 01:36:00,7623.5,276968,7624.0,490717,407596
1900-01-01 01:36:15,7629.0,338223,7629.5,43787,828976
1900-01-01 01:36:30,7643.0,214099,7643.5,54615,435489
1900-01-01 01:36:45,7633.0,69570,7637.0,1198084,631970
1900-01-01 01:37:00,7621.0,41570,7621.5,921557,467053
1900-01-01 01:37:15,7610.5,466321,7611.0,71798,334312
1900-01-01 01:37:30,7582.0,127491,7593.5,30037,156179
1900-01-01 01:37:45,7597.5,6000,7598.0,22148,467572
1900-01-01 01:38:00,7599.5,765092,7600.0,15009,407140
1900-01-01 01:38:15,7598.0,2170,7598.5,434738,181800
1900-01-01 01:38:30,7591.0,227649,7591.5,88321,138953
1900-01-01 01:38:45,7576.5,86087,7577.0,11596,150580
1900-01-01 01:39:00,7577.5,284452,7578.0,19800,284360
1900-01-01 01:39:15,7565.0,274514,7565.5,283775,306799
1900-01-01 01:39:30,7571.0,9749,7571.5,16062,1034836
1900-01-01 01:39:45,7578.5,235648,7579.0,32949,531784
1900-01-01 01:40:00,7587.5,2196769,7588.0,38511,909954
1900-01-01 01:40:15,7590.0,154169,7590.5,5391,1431664
1900-01-01 01:40:30,7581.5,17215,7582.0,54000,523344
1900-01-01 01:40:45,7580.0,297071,7580.5,461853,195532
1900-01-01 01:41:00,7570.5,456203,7571.0,247905,625356
1900-01-01 01:41:15,7587.0,45947,7587.5,16493,1030025
1900-01-01 01:41:30,7588.5,145976,7589.0,64938,478007
1900-01-01 01:41:45,7596.0,50026,7596.5,349480,170594
1900-01-01 01:42:00,7585.0,1328879,7585.5,82979,77216
1900-01-01 01:42:15,7579.5,61318,7580.0,294706,135688
1900-01-01 01:42:30,7587.5,703874,7588.0,101331,285372
1900-01-01 01:42:45,7573.5,1152964,7574.0,75000,65859
1900-01-01 01:43:00,7583.5,67126,7584.0,447027,350064
1900-01-01 01:43:15,7580.0,102981,7580.5,631496,100430
1900-01-01 01:43:30,7580.0,261691,7580.5,308156,242803
1900-01-01 01:43:45,7575.5,6633,7576.5,4386,82667
1900-01-01 01:44:00,7571.5,16440,7572.0,8025,193743
1900-01-01 01:44:15,7569.5,20,7570.0,152452,509724
1900-01-01 01:44:30,7579.5,165240,7580.0,149255,335789
1900-01-01 01:44:45,7566.5,812299,7567.0,29841,137333
1900-01-01 01:45:00,7566.5,436442,7567.0,211674,414946
1900-01-01 01:45:15,7561.0,18770,7561.5,87228,92217
1900-01-01 01:45:30,7555.0,90434,7555.5,134550,52529
1900-01-01 01:45:45,7558.5,176257,7559.0,41534,1407997
1900-01-01 01:46:00,7572.5,11172,7573.0,903788,762580
1900-01-01 01:46:15,7567.5,15706,7568.0,648422,50342
1900-01-01 01:46:30,7579.5,1348446,7580.0,204607,523074
1900-01-01 01:46:45,7579.5,150919,7580.0,495693,501225
1900-01-01 01:47:00,7590.0,679315,7590.5,16412,399653
1900-01-01 01:47:15,7589.5,1047468,7590.0,5455,317441
1900-01-01 01:47:30,7602.0,105512,7602.5,460480,946215
1900-01-01 01:47:45,7599.5,348809,7600.0,1497219,1069802
1900-01-01 01:48:00,7614.0,78000,7615.0,1435055,894455
1900-01-01 01:48:15,7606.0,101960,7606.5,33858,1063560
1900-01-01 01:48:30,7602.0,368138,7602.5,2321,352966
1900-01-01 01:48:45,7602.5,129046,7603.0,116131,203445
1900-01-01 01:49:00,7609.5,219571,7610.0,411285,796812
1900-01-01 01:49:15,7605.0,616960,7605.5,125500,132517
1900-01-01 01:49:30,7596.5,121444,7597.0,405183,86970
1900-01-01 01:49:45,7597.5,666471,7598.0,488913,253168
1900-01-01 01:50:00,7604.5,307754,7605.0,390240,631040
1900-01-01 01:50:15,7608.5,572939,7609.0,123625,127186
1900-01-01 01:50:30,7612.0,145590,7612.5,59153,455619
1900-01-01 01:50:45,7621.5,290164,7622.0,13573,2303750
1900-01-01 01:51:00,7624.0,294374,7626.0,16000,1399488
1900-01-01 01:51:15,7636.0,43405,7636.5,26362,873778
1900-01-01 01:51:30,7624.0,124173,7624.5,471270,161221
1900-01-01 01:51:45,7599.5,275236,7600.0,2464543,1932238
1900-01-01 01:52:00,7590.5,19806,7591.0,47000,3452180
1900-01-01 01:52:15,7594.5,971939,7595.0,7678,136127
1900-01-01 01:52:30,7594.5,99845,7595.0,580418,940965
1900-01-01 01:52:45,7597.5,596113,7598.0,65725,723647
1900-01-01 01:53:00,7590.0,136267,7590.5,505660,140996
1900-01-01 01:53:15,7588.5,58719,7589.0,761466,95416
1900-01-01 01:53:30,7588.5,232038,7589.0,354614,309713
1900-01-01 01:53:45,7584.5,641150,7585.0,203209,210726
1900-01-01 01:54:00,7586.0,365618,7586.5,297947,383811
1900-01-01 01:54:15,7589.0,382324,7589.5,24026,98432
1900-01-01 01:54:30,7593.0,309008,7593.5,126996,175525
1900-01-01 01:54:45,7591.0,8058,7591.5,463851,174174
1900-01-01 01:55:00,7599.0,216371,7599.5,31444,356553
1900-01-01 01:55:15,7600.5,327873,7601.0,5082,1954369
1900-01-01 01:55:30,7605.5,46760,7606.0,149162,738206
1900-01-01 01:55:45,7597.5,40,7598.0,27902,397103
1900-01-01 01:56:00,7591.0,407699,7591.5,7940,57618
1900-01-01 01:56:15,7586.0,18259,7586.5,442067,43230
1900-01-01 01:56:30,7590.0,790570,7590.5,6925,295514
1900-01-01 01:56:45,7593.5,432845,7594.0,224487,158226
1900-01-01 01:57:00,7599.5,52086,7600.0,117369,329749
1900-01-01 01:57:15,7589.5,363846,7590.0,165,576200
1900-01-01 01:57:30,7597.0,267792,7597.5,212766,227470
1900-01-01 01:57:45,7593.5,540206,7594.0,5847,311873
1900-01-01 01:58:00,7600.0,356195,7600.5,23339,172518
1900-01-01 01:58:15,7604.5,214300,7605.0,37883,160817
1900-01-01 01:58:30,7612.0,180178,7612.5,110564,368475
1900-01-01 01:58:45,7603.5,345564,7604.0,122009,239594
1900-01-01 01:59:00,7610.5,309665,7611.0,19043,203042
1900-01-01 01:59:15,7607.0,485232,7607.5,225131,27485
1900-01-01 01:59:30,7604.0,557209,7604.5,341259,420559
1900-01-01 01:59:45,7604.5,339943,7605.0,104273,113256
1900-01-01 02:00:00,7604.5,921594,7605.0,25409,44663
1900-01-01 02:00:15,7623.5,14877,7624.0,36000,1280592
1900-01-01 02:00:30,7624.5,10000,7630.0,41845,1684689
1900-01-01 02:00:45,7629.5,199885,7630.0,42446,730539
1900-01-01 02:01:00,7626.5,302053,7627.0,10000,423377
1900-01-01 02:01:15,7634.5,308077,7635.0,250935,1061316
1900-01-01 02:01:30,7630.5,552042,7631.0,80972,214029
1900-01-01 02:01:45,7627.5,361987,7628.0,14071,645740
1900-01-01 02:02:00,7633.0,324671,7633.5,132764,704774
1900-01-01 02:02:15,7622.5,897,7623.0,180101,86652
1900-01-01 02:02:30,7612.5,298128,7613.0,163057,109929
1900-01-01 02:02:45,7620.0,678128,7620.5,213194,396096
1900-01-01 02:03:00,7616.0,375111,7616.5,226727,312957
1900-01-01 02:03:15,7618.0,469885,7618.5,158325,118275
1900-01-01 02:03:30,7620.0,627710,7620.5,24205,157400
1900-01-01 02:03:45,7622.0,575571,7622.5,306749,188752
1900-01-01 02:04:00,7625.5,461525,7626.0,11216,201327
1900-01-01 02:04:15,7627.5,165017,7628.0,347802,64909
1900-01-01 02:04:30,7629.5,480596,7630.0,127824,286898
1900-01-01 02:04:45,7638.5,56820,7639.0,156819,1151696
1900-01-01 02:05:00,7644.5,374272,7645.0,8,2843297
1900-01-01 02:05:15,7653.5,501140,7654.0,813207,5769753
1900-01-01 02:05:30,7677.0,8000,7677.5,165005,7984450
1900-01-01 02:05:45,7730.0,2375,7765.5,19450,6842136
1900-01-01 02:06:00,7753.5,1805949,7754.0,22016,3482386
1900-01-01 02:06:15,7729.0,9539,7730.0,48000,3040423
1900-01-01 02:06:30,7759.5,9679,7760.0,17963,1281378
1900-01-01 02:06:45,7763.5,200000,7764.0,10600,1930464
1900-01-01 02:07:00,7771.0,41525,7771.5,101210,4038452
1900-01-01 02:07:15,7783.5,51159,7784.0,70136,3213657
1900-01-01 02:07:30,7765.5,4093,7767.0,9439,640145
1900-01-01 02:07:45,7760.5,64531,7763.5,6000,898567
1900-01-01 02:08:00,7749.0,500490,7749.5,788553,345280
1900-01-01 02:08:15,7734.5,5000,7736.0,4200,552096
1900-01-01 02:08:30,7743.0,89381,7743.5,6513,956269
1900-01-01 02:08:45,7749.5,218259,7750.5,146,1375070
1900-01-01 02:09:00,7753.0,53990,7753.5,43237,637868
1900-01-01 02:09:15,7760.0,51205,7760.5,71044,416063
1900-01-01 02:09:30,7769.5,48992,7770.0,130236,1297722
1900-01-01 02:09:45,7770.0,747014,7770.5,50,791920
1900-01-01 02:10:00,7780.0,199681,7780.5,1000,1486514
1900-01-01 02:10:15,7786.5,46646,7787.0,16968,3906759
1900-01-01 02:10:30,7789.0,253134,7789.5,26130,1736435
1900-01-01 02:10:45,7790.5,20602,7791.0,186655,851664
1900-01-01 02:11:00,7771.0,2009,7771.5,32865,451149
1900-01-01 02:11:15,7760.0,161973,7760.5,81735,206525
1900-01-01 02:11:30,7751.0,264398,7751.5,86931,98384
1900-01-01 02:11:45,7767.0,181977,7767.5,757867,710192
1900-01-01 02:12:00,7757.5,4987,7758.0,29200,846400
1900-01-01 02:12:15,7745.5,396824,7746.0,15853,133048
1900-01-01 02:12:30,7748.5,24072,7749.0,32245,404435
1900-01-01 02:12:45,7735.5,370468,7736.0,471030,113757
1900-01-01 02:13:00,7744.0,518,7757.5,3008,3534847
1900-01-01 02:13:15,7768.0,11319,7768.5,4200,853089
1900-01-01 02:13:30,7763.0,15751,7763.5,63725,504322
1900-01-01 02:13:45,7771.0,237521,7771.5,105226,607840
1900-01-01 02:14:00,7782.5,6310,7783.0,8000,1199882
1900-01-01 02:14:15,7817.0,3062,7818.0,50543,2767537
1900-01-01 02:14:30,7835.5,1663557,7836.0,26700,2787520
1900-01-01 02:14:45,7827.0,584467,7827.5,33762,3087931
1900-01-01 02:15:00,7830.5,276697,7831.0,149720,848542
1900-01-01 02:15:15,7834.0,30000,7834.5,1103219,1861603
1900-01-01 02:15:30,7808.0,22808,7808.5,434108,141937
1900-01-01 02:15:45,7800.0,269978,7803.0,854857,740026
1900-01-01 02:16:00,7780.0,623515,7780.5,147485,549223
1900-01-01 02:16:15,7798.0,115868,7798.5,795044,892805
1900-01-01 02:16:30,7785.0,59560,7785.5,286,671558
1900-01-01 02:16:45,7782.0,30370,7782.5,919405,646655
1900-01-01 02:17:00,7787.5,12806,7788.0,575924,297568
1900-01-01 02:17:15,7777.0,367814,7777.5,231712,228433
1900-01-01 02:17:30,7772.0,256714,7772.5,305304,327235
1900-01-01 02:17:45,7768.0,241403,7768.5,538887,70508
1900-01-01 02:18:00,7771.0,169650,7771.5,26566,133786
1900-01-01 02:18:15,7789.0,56676,7790.0,2950,758827
1900-01-01 02:18:30,7800.0,61157,7800.5,10000,2242587
1900-01-01 02:18:45,7790.5,560784,7791.0,177299,631063
1900-01-01 02:19:00,7781.0,47743,7781.5,387156,441850
1900-01-01 02:19:15,7781.0,503554,7781.5,9599,112840
1900-01-01 02:19:30,7777.0,338894,7777.5,112819,337620
1900-01-01 02:19:45,7775.0,68794,7775.5,312662,11892
1900-01-01 02:20:00,7770.0,735422,7770.5,254290,218732
1900-01-01 02:20:15,7763.0,115091,7763.5,430904,489327
1900-01-01 02:20:30,7779.5,161651,7780.0,585035,1109850
1900-01-01 02:20:45,7773.0,220205,7773.5,162568,687185
1900-01-01 02:21:00,7770.0,480278,7770.5,106398,55703
1900-01-01 02:21:15,7779.5,261379,7780.0,475613,534006
1900-01-01 02:21:30,7786.5,144892,7787.0,59764,484220
1900-01-01 02:21:45,7787.0,903762,7787.5,11403,603083
1900-01-01 02:22:00,7790.0,1721,7790.5,661425,205135
1900-01-01 02:22:15,7777.0,45677,7777.5,405745,133258
1900-01-01 02:22:30,7778.5,129126,7779.0,23248,53062
1900-01-01 02:22:45,7776.0,144374,7776.5,513125,201548
1900-01-01 02:23:00,7775.5,6351,7776.0,560754,17060
1900-01-01 02:23:15,7769.0,172931,7769.5,495597,98914
1900-01-01 02:23:30,7776.5,65007,7777.0,448924,157507
1900-01-01 02:23:45,7773.0,1896,7773.5,57241,94102
1900-01-01 02:24:00,7764.0,10232,7764.5,436367,21840
1900-01-01 02:24:15,7760.0,59857,7760.5,447165,222924
1900-01-01 02:24:30,7756.0,98127,7756.5,577554,155993
1900-01-01 02:24:45,7750.0,773687,7750.5,469985,80756
1900-01-01 02:25:00,7747.5,60931,7748.5,2710,186398
1900-01-01 02:25:15,7756.5,483869,7757.0,290229,382393
1900-01-01 02:25:30,7762.0,642334,7762.5,309400,639498
1900-01-01 02:25:45,7780.5,289848,7781.0,277785,720636
1900-01-01 02:26:00,7760.0,8394,7760.5,49800,135056
1900-01-01 02:26:15,7766.0,212771,7766.5,205587,434819
1900-01-01 02:26:30,7763.0,475594,7763.5,100139,527277
1900-01-01 02:26:45,7770.0,139094,7770.5,678472,87304
1900-01-01 02:27:00,7771.0,448594,7771.5,91612,280372
1900-01-01 02:27:15,7770.5,19919,7771.0,732377,45518
1900-01-01 02:27:30,7767.0,13288,7767.5,659261,115786
1900-01-01 02:27:45,7762.5,735,7763.0,657356,14328
1900-01-01 02:28:00,7755.0,1114202,7755.5,15192,110769
1900-01-01 02:28:15,7761.5,29724,7762.0,244958,464773
1900-01-01 02:28:30,7765.0,137141,7765.5,444757,78616
1900-01-01 02:28:45,7764.5,293538,7765.0,283297,131828
1900-01-01 02:29:00,7758.0,655803,7758.5,38817,75346
1900-01-01 02:29:15,7763.5,50,7764.0,24432,344088
1900-01-01 02:29:30,7761.5,1165475,7762.0,545839,88711
1900-01-01 02:29:45,7765.0,578743,7765.5,3552473,1674654
1900-01-01 02:30:00,7779.5,1312050,7780.0,93788,486807
1900-01-01 02:30:15,7789.0,262724,7789.5,243206,730686
1900-01-01 02:30:30,7785.0,219228,7785.5,538001,528626
1900-01-01 02:30:45,7796.5,513221,7797.0,231646,681533
1900-01-01 02:31:00,7787.0,14337,7787.5,227082,663027
1900-01-01 02:31:15,7798.5,34000,7799.0,17406,655497
1900-01-01 02:31:30,7811.5,105726,7812.0,344641,2419873
1900-01-01 02:31:45,7801.0,14110,7803.5,2000,513906
1900-01-01 02:32:00,7790.5,506823,7791.0,189169,160879
1900-01-01 02:32:15,7794.5,23744,7795.0,241174,547874
1900-01-01 02:32:30,7796.0,170560,7796.5,196479,552305
1900-01-01 02:32:45,7804.0,65000,7804.5,183069,261898
1900-01-01 02:33:00,7796.0,82124,7796.5,305503,658408
1900-01-01 02:33:15,7799.5,3720,7800.5,615839,70026
1900-01-01 02:33:30,7788.0,3059,7788.5,722007,132824
1900-01-01 02:33:45,7777.5,239079,7778.5,1685,104094
1900-01-01 02:34:00,7773.0,58,7773.5,216220,156080
1900-01-01 02:34:15,7760.0,306023,7760.5,115403,30066
1900-01-01 02:34:30,7764.0,80350,7764.5,37003,389400
1900-01-01 02:34:45,7758.0,399056,7758.5,384602,104168
1900-01-01 02:35:00,7756.5,167735,7757.0,57239,484710
1900-01-01 02:35:15,7760.0,450011,7760.5,154859,808843
1900-01-01 02:35:30,7773.0,169236,7773.5,149291,206600
1900-01-01 02:35:45,7769.0,5147,7769.5,57759,374281
1900-01-01 02:36:00,7767.5,49931,7768.0,442310,32393
1900-01-01 02:36:15,7777.0,150000,7778.0,368153,148814
1900-01-01 02:36:30,7769.0,512509,7769.5,205581,149411
1900-01-01 02:36:45,7766.0,75109,7766.5,435973,106174
1900-01-01 02:37:00,7766.0,727311,7766.5,229883,145483
1900-01-01 02:37:15,7769.0,59722,7769.5,784431,352905
1900-01-01 02:37:30,7772.0,33499,7772.5,15509,104548
1900-01-01 02:37:45,7788.0,35932,7788.5,662,692973
1900-01-01 02:38:00,7783.0,5119,7783.5,113632,750856
1900-01-01 02:38:15,7776.5,585388,7777.0,5000,138154
1900-01-01 02:38:30,7784.5,243291,7785.0,19260,721730
1900-01-01 02:38:45,7786.0,759211,7786.5,30,216420
1900-01-01 02:39:00,7792.0,114326,7792.5,486643,310191
1900-01-01 02:39:15,7796.5,397620,7798.0,82753,317679
1900-01-01 02:39:30,7800.0,277067,7800.5,598253,555216
1900-01-01 02:39:45,7798.0,25794,7798.5,555980,245693
1900-01-01 02:40:00,7797.0,114084,7797.5,29658,79515
1900-01-01 02:40:15,7784.5,314122,7785.0,449798,107906
1900-01-01 02:40:30,7782.0,524,7782.5,134275,117968
1900-01-01 02:40:45,7783.0,644202,7783.5,1230,470373
1900-01-01 02:41:00,7784.5,709736,7785.0,77506,96580
1900-01-01 02:41:15,7795.5,432699,7796.0,101388,427589
1900-01-01 02:41:30,7810.5,109586,7811.0,142201,2589541
1900-01-01 02:41:45,7811.5,5736,7812.0,362318,449695
1900-01-01 02:42:00,7811.5,525513,7812.0,49579,270825
1900-01-01 02:42:15,7819.5,424252,7820.0,73976,1179265
1900-01-01 02:42:30,7820.0,532836,7820.5,31397,395255
1900-01-01 02:42:45,7814.5,38584,7815.0,58662,411256
1900-01-01 02:43:00,7815.0,10143,7815.5,546636,499501
1900-01-01 02:43:15,7806.5,704689,7807.0,158615,42109
1900-01-01 02:43:30,7804.5,41877,7805.0,138563,197151
1900-01-01 02:43:45,7796.0,531571,7796.5,6570,226381
1900-01-01 02:44:00,7792.5,228850,7793.0,153888,140021
1900-01-01 02:44:15,7790.0,319210,7790.5,1775,57443
1900-01-01 02:44:30,7789.5,319760,7790.0,211802,77363
1900-01-01 02:44:45,7789.5,168301,7790.0,125356,144702
1900-01-01 02:45:00,7788.0,33634,7788.5,145368,147469
1900-01-01 02:45:15,7785.0,215686,7785.5,460747,120676
1900-01-01 02:45:30,7784.0,18061,7784.5,752939,30582
1900-01-01 02:45:45,7766.0,183966,7766.5,54939,43322
1900-01-01 02:46:00,7776.0,557472,7776.5,271178,212410
1900-01-01 02:46:15,7778.5,114874,7779.0,136405,251000
1900-01-01 02:46:30,7778.5,72124,7779.0,331194,540646
1900-01-01 02:46:45,7781.5,89116,7782.0,416393,152888
1900-01-01 02:47:00,7777.0,139808,7777.5,314737,22671
1900-01-01 02:47:15,7774.0,15183,7774.5,261279,143036
1900-01-01 02:47:30,7773.5,13975,7774.0,398740,98978
1900-01-01 02:47:45,7775.0,176589,7775.5,7096,235835
1900-01-01 02:48:00,7775.0,868740,7775.5,9096,95975
1900-01-01 02:48:15,7774.0,149092,7774.5,640022,133690
1900-01-01 02:48:30,7782.0,474261,7782.5,4648,373484
1900-01-01 02:48:45,7785.5,36028,7786.0,904873,178757
1900-01-01 02:49:00,7778.5,25000,7779.0,15332,40298
1900-01-01 02:49:15,7771.0,600528,7771.5,20813,24395
1900-01-01 02:49:30,7780.0,579610,7780.5,306952,66987
1900-01-01 02:49:45,7780.0,487086,7780.5,508833,8870
1900-01-01 02:50:00,7777.0,60390,7777.5,378950,47556
1900-01-01 02:50:15,7774.5,153769,7775.0,242126,186986
1900-01-01 02:50:30,7765.0,740270,7765.5,326222,148178
1900-01-01 02:50:45,7771.5,104482,7772.0,21718,356014
1900-01-01 02:51:00,7763.5,7725,7764.0,1319,173795
1900-01-01 02:51:15,7767.5,128837,7768.0,406393,248534
1900-01-01 02:51:30,7765.5,4350,7766.0,682960,150546
1900-01-01 02:51:45,7761.5,461931,7762.0,239198,12230
1900-01-01 02:52:00,7760.0,467171,7760.5,220388,78437
1900-01-01 02:52:15,7759.5,85116,7760.0,661589,184462
1900-01-01 02:52:30,7757.0,537728,7757.5,370077,39916
1900-01-01 02:52:45,7768.0,302,7768.5,517331,310857
1900-01-01 02:53:00,7765.5,908512,7766.0,6220,340675
1900-01-01 02:53:15,7776.0,123136,7776.5,13792,2125518
1900-01-01 02:53:30,7772.5,106046,7773.0,439259,114181
1900-01-01 02:53:45,7776.5,505142,7777.0,146050,236390
1900-01-01 02:54:00,7765.0,822228,7765.5,43773,90637
1900-01-01 02:54:15,7765.0,70552,7765.5,166355,13478
1900-01-01 02:54:30,7767.0,622739,7767.5,46717,26958
1900-01-01 02:54:45,7767.5,585638,7768.0,64624,57366
1900-01-01 02:55:00,7767.5,320426,7768.0,78764,63661
1900-01-01 02:55:15,7760.5,58835,7761.0,248803,24720
1900-01-01 02:55:30,7760.0,527901,7760.5,47361,50336
1900-01-01 02:55:45,7758.0,44927,7758.5,301883,16763
1900-01-01 02:56:00,7756.5,284420,7757.0,344723,38001
1900-01-01 02:56:15,7760.0,710678,7760.5,546240,105220
1900-01-01 02:56:30,7760.0,980188,7760.5,126110,548802
1900-01-01 02:56:45,7759.0,344167,7759.5,160720,281574
1900-01-01 02:57:00,7759.0,369289,7759.5,232080,103333
1900-01-01 02:57:15,7759.0,153864,7759.5,427946,28038
1900-01-01 02:57:30,7752.5,82316,7753.0,174852,34330
1900-01-01 02:57:45,7752.5,10370,7753.0,201726,31680
1900-01-01 02:58:00,7750.0,2419628,7750.5,165083,52084
1900-01-01 02:58:15,7740.0,166797,7740.5,840677,60665
1900-01-01 02:58:30,7749.5,487113,7750.0,369627,1656106
1900-01-01 02:58:45,7744.0,358830,7744.5,442533,1344216
1900-01-01 02:59:00,7752.5,47163,7753.0,449392,465032
1900-01-01 02:59:15,7745.0,461711,7745.5,33866,104969
1900-01-01 02:59:30,7738.0,95987,7738.5,482366,52169
1900-01-01 02:59:45,7715.5,34637,7716.0,8500,225104
1900-01-01 03:00:00,7705.5,268878,7713.0,2863,278254
1900-01-01 03:00:15,7721.0,169439,7721.5,83334,355283
1900-01-01 03:00:30,7735.5,52136,7736.0,5254,741508
1900-01-01 03:00:45,7751.0,10000,7752.0,730386,574880
1900-01-01 03:01:00,7749.5,508386,7750.0,56585,503887
1900-01-01 03:01:15,7749.0,11998,7749.5,331916,514236
1900-01-01 03:01:30,7749.0,882799,7749.5,813841,1153135
1900-01-01 03:01:45,7752.0,261150,7752.5,44660,771860
1900-01-01 03:02:00,7763.5,534912,7764.0,166633,1653841
1900-01-01 03:02:15,7767.0,8000,7767.5,270006,608831
1900-01-01 03:02:30,7767.5,69532,7768.0,623681,754810
1900-01-01 03:02:45,7771.5,618417,7772.0,89730,471159
1900-01-01 03:03:00,7767.5,183092,7768.0,278649,611800
1900-01-01 03:03:15,7767.0,110790,7767.5,580940,621314
1900-01-01 03:03:30,7755.5,629797,7756.0,255115,47100
1900-01-01 03:03:45,7761.0,93560,7761.5,389453,547548
1900-01-01 03:04:00,7761.0,831902,7761.5,56992,50010
1900-01-01 03:04:15,7761.5,662134,7762.0,260477,97593
1900-01-01 03:04:30,7761.5,303389,7762.0,635564,250767
1900-01-01 03:04:45,7761.5,1010462,7762.0,322952,57194
1900-01-01 03:05:00,7767.5,778918,7768.0,439986,235089
1900-01-01 03:05:15,7773.5,396272,7774.0,66579,316756
1900-01-01 03:05:30,7777.5,599145,7778.0,18815,744872
1900-01-01 03:05:45,7777.5,750004,7778.0,181954,247186
1900-01-01 03:06:00,7777.5,338077,7778.0,208500,80665
1900-01-01 03:06:15,7775.5,442035,7776.0,173273,22007
1900-01-01 03:06:30,7775.5,530127,7776.0,151544,48415
1900-01-01 03:06:45,7785.0,410016,7785.5,9636,511618
1900-01-01 03:07:00,7785.5,273390,7786.0,714838,443669
1900-01-01 03:07:15,7779.5,2765,7780.0,463043,368239
1900-01-01 03:07:30,7780.5,4810,7781.0,208392,328219
1900-01-01 03:07:45,7779.5,173495,7780.0,326685,154713
1900-01-01 03:08:00,7779.0,109846,7779.5,425257,50830
1900-01-01 03:08:15,7777.0,56400,7777.5,445278,43611
1900-01-01 03:08:30,7771.5,619544,7772.0,291921,125289
1900-01-01 03:08:45,7771.0,1207,7771.5,994220,138086
1900-01-01 03:09:00,7775.0,2378766,7775.5,617938,19090
1900-01-01 03:09:15,7767.0,48892,7767.5,143910,174905
1900-01-01 03:09:30,7773.5,103898,7774.0,401489,67578
1900-01-01 03:09:45,7767.5,129966,7768.0,423019,23422
1900-01-01 03:10:00,7771.5,530124,7772.0,151549,101723
1900-01-01 03:10:15,7771.5,395736,7772.0,1274,233358
1900-01-01 03:10:30,7778.0,123391,7778.5,941808,189499
1900-01-01 03:10:45,7774.5,323060,7775.0,474793,15553
1900-01-01 03:11:00,7772.5,150753,7773.0,530982,124780
1900-01-01 03:11:15,7772.5,26263,7773.0,523488,117
1900-01-01 03:11:30,7770.5,394731,7771.0,127467,22214
1900-01-01 03:11:45,7769.5,8515,7770.0,489415,17060
1900-01-01 03:12:00,7769.5,316828,7770.0,193004,37118
1900-01-01 03:12:15,7776.5,565314,7777.0,50238,16196
1900-01-01 03:12:30,7780.0,572585,7780.5,323467,307401
1900-01-01 03:12:45,7780.0,657074,7780.5,153967,230078
1900-01-01 03:13:00,7785.0,885216,7785.5,35521,227317
1900-01-01 03:13:15,7782.5,7110,7783.0,270095,132467
1900-01-01 03:13:30,7782.0,619293,7782.5,46022,57278
1900-01-01 03:13:45,7785.5,359529,7786.0,229766,243612
1900-01-01 03:14:00,7785.0,62852,7785.5,501875,57271
1900-01-01 03:14:15,7782.5,364760,7783.0,469547,50963
1900-01-01 03:14:30,7776.0,377768,7776.5,331569,185154
1900-01-01 03:14:45,7780.5,67960,7781.0,380899,86357
1900-01-01 03:15:00,7782.5,398857,7783.0,39970,144612
1900-01-01 03:15:15,7784.5,451621,7785.0,103650,501972
1900-01-01 03:15:30,7785.5,1071150,7786.0,109592,227190
1900-01-01 03:15:45,7794.5,460473,7795.0,52011,1530300
1900-01-01 03:16:00,7799.5,1021471,7800.0,318240,718573
1900-01-01 03:16:15,7806.5,13748,7807.0,16772,590460
1900-01-01 03:16:30,7801.5,1025274,7802.0,73682,329564
1900-01-01 03:16:45,7806.5,28541,7807.0,383222,221408
1900-01-01 03:17:00,7811.0,562549,7811.5,30271,348545
1900-01-01 03:17:15,7811.0,1034622,7811.5,278449,390995
1900-01-01 03:17:30,7814.0,155098,7814.5,583536,314692
1900-01-01 03:17:45,7807.0,19841,7807.5,744535,159100
1900-01-01 03:18:00,7802.0,711380,7802.5,28798,100342
1900-01-01 03:18:15,7799.5,683760,7800.0,48247,272375
1900-01-01 03:18:30,7802.0,525456,7802.5,1365,152638
1900-01-01 03:18:45,7797.0,411868,7797.5,94891,149857
1900-01-01 03:19:00,7802.5,182726,7803.0,381654,60554
1900-01-01 03:19:15,7799.5,269762,7800.0,1693848,316963
1900-01-01 03:19:30,7801.0,383138,7801.5,94585,279929
1900-01-01 03:19:45,7798.5,41710,7799.0,237030,81322
1900-01-01 03:20:00,7793.5,387762,7794.0,42367,16523
1900-01-01 03:20:15,7793.5,87114,7794.0,263457,37015
1900-01-01 03:20:30,7791.5,46613,7792.0,258134,166545
1900-01-01 03:20:45,7790.5,10661,7791.0,434921,88542
1900-01-01 03:21:00,7786.0,324678,7786.5,193361,186128
1900-01-01 03:21:15,7789.5,406415,7790.0,186149,113454
1900-01-01 03:21:30,7799.5,129472,7800.0,428220,190002
1900-01-01 03:21:45,7799.5,137755,7800.0,651597,31325
1900-01-01 03:22:00,7804.5,225266,7805.0,180701,222043
1900-01-01 03:22:15,7804.5,54831,7805.0,182024,289492
1900-01-01 03:22:30,7803.5,465261,7804.0,137029,82438
1900-01-01 03:22:45,7801.0,434424,7801.5,183539,36337
1900-01-01 03:23:00,7803.0,493409,7803.5,76413,233646
1900-01-01 03:23:15,7821.5,93957,7822.0,22708,384166
1900-01-01 03:23:30,7829.5,53689,7830.0,34911,532201
1900-01-01 03:23:45,7818.0,47689,7818.5,150211,875120
1900-01-01 03:24:00,7826.0,1226334,7826.5,71333,984096
1900-01-01 03:24:15,7841.0,136503,7841.5,119,1252678
1900-01-01 03:24:30,7863.0,2232547,7864.0,2698,4405973
1900-01-01 03:24:45,7863.5,3027,7864.0,9794,2348609
1900-01-01 03:25:00,7849.5,8000,7850.0,520149,4682288
1900-01-01 03:25:15,7864.0,30,7864.5,278833,2106534
1900-01-01 03:25:30,7867.5,457968,7868.0,74229,1413106
1900-01-01 03:25:45,7871.5,3811,7872.0,36976,517811
1900-01-01 03:26:00,7871.5,490607,7872.0,377890,404832
1900-01-01 03:26:15,7852.5,14383,7853.0,25840,154868
1900-01-01 03:26:30,7867.0,179010,7867.5,51987,521770
1900-01-01 03:26:45,7856.0,1354600,7856.5,167959,229264
1900-01-01 03:27:00,7860.0,174723,7860.5,13000,812174
1900-01-01 03:27:15,7856.5,130623,7857.0,166481,99339
1900-01-01 03:27:30,7857.0,171124,7857.5,231241,522324
1900-01-01 03:27:45,7857.0,339939,7857.5,153673,244324
1900-01-01 03:28:00,7857.0,707194,7857.5,234420,28570
1900-01-01 03:28:15,7862.5,296771,7863.0,1198333,420826
1900-01-01 03:28:30,7869.5,1259657,7870.0,491475,915889
1900-01-01 03:28:45,7869.0,687655,7869.5,406743,1187815
1900-01-01 03:29:00,7870.5,1153744,7871.0,343843,1252732
1900-01-01 03:29:15,7866.5,310213,7867.0,51292,324575
1900-01-01 03:29:30,7870.5,574520,7871.0,1111278,231941
1900-01-01 03:29:45,7874.5,869404,7875.0,125803,605585
1900-01-01 03:30:00,7872.5,1290,7873.0,1303055,266017
1900-01-01 03:30:15,7863.5,737250,7864.0,285517,248302
1900-01-01 03:30:30,7855.5,130051,7856.0,986383,83750
1900-01-01 03:30:45,7857.0,334221,7857.5,488409,410614
1900-01-01 03:31:00,7855.5,643118,7856.0,23486,193398
1900-01-01 03:31:15,7857.5,615755,7858.0,170930,686374
1900-01-01 03:31:30,7861.0,361206,7861.5,83143,238429
1900-01-01 03:31:45,7870.5,27165,7871.0,12464,469334
1900-01-01 03:32:00,7883.5,128773,7884.0,65785,595964
1900-01-01 03:32:15,7894.5,207271,7895.0,836087,3203820
1900-01-01 03:32:30,7897.0,67183,7897.5,270102,4937355
1900-01-01 03:32:45,7891.5,478274,7892.0,677792,574860
1900-01-01 03:33:00,7879.5,1275,7880.0,278114,435986
1900-01-01 03:33:15,7873.5,202723,7874.0,391413,792140
1900-01-01 03:33:30,7870.0,46366,7870.5,409110,423074
1900-01-01 03:33:45,7863.0,732797,7863.5,1,253563
1900-01-01 03:34:00,7862.5,53631,7863.0,48471,977130
1900-01-01 03:34:15,7869.5,4992,7870.0,323745,109652
1900-01-01 03:34:30,7870.0,576716,7870.5,4723,436776
1900-01-01 03:34:45,7868.0,19270,7868.5,516106,135797
1900-01-01 03:35:00,7870.0,455840,7870.5,1649,37400
1900-01-01 03:35:15,7870.5,281386,7871.0,41970,496819
1900-01-01 03:35:30,7874.5,124984,7875.0,433370,423664
1900-01-01 03:35:45,7875.0,250262,7875.5,41166,677079
1900-01-01 03:36:00,7881.5,36232,7882.0,21731,127382
1900-01-01 03:36:15,7892.5,113991,7893.0,200734,524960
1900-01-01 03:36:30,7905.0,200000,7908.0,4041,6508072
1900-01-01 03:36:45,7910.5,36,7911.0,156453,1388454
1900-01-01 03:37:00,7906.5,1000,7907.0,33800,969483
1900-01-01 03:37:15,7906.0,42544,7906.5,109119,846302
1900-01-01 03:37:30,7900.0,172738,7900.5,192974,561657
1900-01-01 03:37:45,7893.5,196097,7894.0,152437,193872
1900-01-01 03:38:00,7896.5,42694,7897.0,269166,250897
1900-01-01 03:38:15,7896.5,5000,7897.5,4200,243542
1900-01-01 03:38:30,7898.5,13378,7899.0,37615,153751
1900-01-01 03:38:45,7905.0,126472,7905.5,197863,1069391
1900-01-01 03:39:00,7898.5,2011,7899.0,261747,209313
1900-01-01 03:39:15,7890.5,2090,7891.0,46703,45302
1900-01-01 03:39:30,7885.0,109918,7885.5,270618,193627
1900-01-01 03:39:45,7879.0,167246,7879.5,381716,660628
1900-01-01 03:40:00,7871.0,1007,7871.5,580738,35101
1900-01-01 03:40:15,7870.0,647638,7870.5,205695,162948
1900-01-01 03:40:30,7874.5,607789,7875.0,272785,275019
1900-01-01 03:40:45,7877.5,545025,7878.0,2175,292721
1900-01-01 03:41:00,7885.5,472519,7886.0,206317,393723
1900-01-01 03:41:15,7889.0,234646,7889.5,585484,798173
1900-01-01 03:41:30,7881.5,8734,7886.0,447404,55704
1900-01-01 03:41:45,7888.0,101329,7888.5,781094,56272
1900-01-01 03:42:00,7880.0,261796,7880.5,54268,324191
1900-01-01 03:42:15,7878.5,251,7879.0,548032,60968
1900-01-01 03:42:30,7875.5,256575,7876.0,480540,30088
1900-01-01 03:42:45,7876.5,3494,7877.0,258388,230814
1900-01-01 03:43:00,7876.0,621191,7876.5,127331,275360
1900-01-01 03:43:15,7887.5,59359,7888.0,391808,262509
1900-01-01 03:43:30,7897.0,102952,7897.5,51153,646916
1900-01-01 03:43:45,7895.5,240929,7896.0,343740,482757
1900-01-01 03:44:00,7906.5,1077405,7907.0,36957,329381
1900-01-01 03:44:15,7899.0,15672,7899.5,300853,277470
1900-01-01 03:44:30,7904.5,1196364,7905.0,65689,607571
1900-01-01 03:44:45,7909.5,1067145,7910.0,37029,417373
1900-01-01 03:45:00,7920.0,197157,7920.5,9569,1316596
1900-01-01 03:45:15,7929.5,570225,7930.0,190899,1566347
1900-01-01 03:45:30,7924.0,15629,7924.5,352651,368135
1900-01-01 03:45:45,7922.5,5133,7923.0,391706,234271
1900-01-01 03:46:00,7908.0,8183,7908.5,566862,45581
1900-01-01 03:46:15,7903.0,178720,7903.5,58528,114422
1900-01-01 03:46:30,7893.5,1334,7894.0,57483,931460
1900-01-01 03:46:45,7907.0,178887,7907.5,39535,434064
1900-01-01 03:47:00,7894.5,332642,7895.0,84255,274767
1900-01-01 03:47:15,7898.5,50182,7899.0,163811,321938
1900-01-01 03:47:30,7897.0,647120,7897.5,34456,97233
1900-01-01 03:47:45,7902.0,300929,7902.5,20607,411390
1900-01-01 03:48:00,7903.0,468332,7903.5,158282,390617
1900-01-01 03:48:15,7906.5,193939,7907.0,63077,364669
1900-01-01 03:48:30,7911.0,88087,7911.5,42477,510493
1900-01-01 03:48:45,7906.5,449640,7907.0,56720,50930
1900-01-01 03:49:00,7914.5,162356,7915.0,325658,357563
1900-01-01 03:49:15,7909.5,15,7910.0,281641,37134
1900-01-01 03:49:30,7908.5,534338,7909.0,53052,163329
1900-01-01 03:49:45,7908.5,4026711,7909.0,323062,161418
1900-01-01 03:50:00,7910.5,798601,7911.0,31385,297466
1900-01-01 03:50:15,7918.5,474111,7919.0,328252,643506
1900-01-01 03:50:30,7915.5,69257,7916.0,305135,318479
1900-01-01 03:50:45,7919.5,161709,7920.0,12618,248001
1900-01-01 03:51:00,7924.5,308494,7925.0,168680,656690
1900-01-01 03:51:15,7925.0,1060400,7925.5,40751,445977
1900-01-01 03:51:30,7934.0,172952,7934.5,242257,498500
1900-01-01 03:51:45,7942.5,39283,7943.0,61526,1558830
1900-01-01 03:52:00,7936.0,13500,7936.5,47358,776463
1900-01-01 03:52:15,7932.5,1039335,7933.0,6,424703
1900-01-01 03:52:30,7939.5,243420,7940.0,547811,785809
1900-01-01 03:52:45,7934.5,6191,7935.0,747910,90075
1900-01-01 03:53:00,7932.5,663573,7933.0,30058,401500
1900-01-01 03:53:15,7942.5,154389,7943.0,314033,347607
1900-01-01 03:53:30,7949.5,319633,7950.0,1748702,4106243
1900-01-01 03:53:45,7966.5,22906,7967.0,135434,2462191
1900-01-01 03:54:00,7964.5,851,7965.5,29020,1516871
1900-01-01 03:54:15,7955.5,20805,7956.0,159234,1704656
1900-01-01 03:54:30,7949.5,307888,7950.0,419838,1028680
1900-01-01 03:54:45,7955.5,10670,7956.0,264020,530612
1900-01-01 03:55:00,7950.5,353782,7951.0,165828,168654
1900-01-01 03:55:15,7959.5,402656,7960.0,95675,920132
1900-01-01 03:55:30,7957.0,86954,7957.5,289796,323262
1900-01-01 03:55:45,7951.0,136975,7951.5,38888,139128
1900-01-01 03:56:00,7950.0,210185,7950.5,585204,578285
1900-01-01 03:56:15,7941.5,470865,7942.0,94063,172574
1900-01-01 03:56:30,7940.0,4,7940.5,301456,154530
1900-01-01 03:56:45,7927.5,58940,7928.0,350,41614
1900-01-01 03:57:00,7930.0,90992,7930.5,544049,390139
1900-01-01 03:57:15,7925.5,80581,7926.0,455072,295882
1900-01-01 03:57:30,7915.0,344426,7915.5,418672,97600
1900-01-01 03:57:45,7917.0,226426,7917.5,233321,230090
1900-01-01 03:58:00,7924.0,142428,7924.5,62336,407065
1900-01-01 03:58:15,7934.0,470180,7934.5,285645,392423
1900-01-01 03:58:30,7941.5,151457,7942.0,149708,335216
1900-01-01 03:58:45,7942.5,80138,7943.0,596092,883984
1900-01-01 03:59:00,7940.0,3402985,7940.5,180689,647728
1900-01-01 03:59:15,7949.0,116148,7949.5,462328,482601
1900-01-01 03:59:30,7953.0,42691,7953.5,160894,646991
1900-01-01 03:59:45,7949.5,23365,7950.0,154835,113044
1900-01-01 04:00:00,7949.0,23756,7949.5,594089,75527
1900-01-01 04:00:15,7949.0,33722,7949.5,35900,338143
1900-01-01 04:00:30,7947.5,13118,7948.0,140548,296796
1900-01-01 04:00:45,7942.0,14047,7942.5,15035,649220
1900-01-01 04:01:00,7935.0,94523,7935.5,152299,420540
1900-01-01 04:01:15,7920.0,209233,7922.0,71359,92758
1900-01-01 04:01:30,7916.5,165030,7917.0,401613,492062
1900-01-01 04:01:45,7916.0,111031,7916.5,213310,315993
1900-01-01 04:02:00,7928.5,8000,7929.0,781,428551
1900-01-01 04:02:15,7931.5,383018,7932.0,354163,412002
1900-01-01 04:02:30,7935.5,161838,7936.0,76102,521160
1900-01-01 04:02:45,7932.5,405128,7933.0,149652,284540
1900-01-01 04:03:00,7932.5,3742,7933.0,126943,485533
1900-01-01 04:03:15,7937.5,540901,7938.0,77510,522010
1900-01-01 04:03:30,7939.5,672580,7940.0,49491,177892
1900-01-01 04:03:45,7939.5,619950,7940.0,184509,388899
1900-01-01 04:04:00,7941.0,545253,7941.5,3201,307439
1900-01-01 04:04:15,7948.0,287854,7948.5,122192,261867
1900-01-01 04:04:30,7954.0,1037475,7954.5,31501,313913
1900-01-01 04:04:45,7957.5,22042,7958.0,7054,765470
1900-01-01 04:05:00,7965.5,587996,7966.0,87696,2154739
1900-01-01 04:05:15,7954.0,36665,7954.5,359900,490689
1900-01-01 04:05:30,7953.5,97096,7954.0,337896,815686
1900-01-01 04:05:45,7947.0,33343,7947.5,415228,80641
1900-01-01 04:06:00,7937.5,930,7938.0,91457,30128
1900-01-01 04:06:15,7939.5,11811,7940.0,565430,165040
1900-01-01 04:06:30,7932.5,487784,7933.0,22120,124212
1900-01-01 04:06:45,7924.0,176523,7924.5,167152,115921
1900-01-01 04:07:00,7924.5,745500,7925.0,137762,527218
1900-01-01 04:07:15,7930.0,419356,7930.5,504123,496809
1900-01-01 04:07:30,7930.0,229187,7930.5,461993,246888
1900-01-01 04:07:45,7930.0,617342,7930.5,553360,45596
1900-01-01 04:08:00,7930.0,519111,7930.5,355245,366418
1900-01-01 04:08:15,7930.0,1147450,7930.5,89649,551512
1900-01-01 04:08:30,7937.5,281230,7938.0,194391,1275383
1900-01-01 04:08:45,7925.0,669161,7925.5,111361,167200
1900-01-01 04:09:00,7925.0,31597,7925.5,557160,16220
1900-01-01 04:09:15,7923.0,5086,7923.5,552613,60240
1900-01-01 04:09:30,7915.5,12600,7916.0,622098,119160
1900-01-01 04:09:45,7914.5,263122,7915.0,352602,311147
1900-01-01 04:10:00,7914.0,121235,7914.5,431323,543401
1900-01-01 04:10:15,7922.0,801191,7922.5,24979,510650
1900-01-01 04:10:30,7922.5,29896,7923.0,290567,266182
1900-01-01 04:10:45,7922.0,278074,7922.5,304537,12590
1900-01-01 04:11:00,7930.5,577371,7931.0,337435,534708
1900-01-01 04:11:15,7934.5,318771,7935.0,78877,822378
1900-01-01 04:11:30,7936.0,210027,7936.5,317082,203556
1900-01-01 04:11:45,7934.0,36338,7934.5,240124,924662
1900-01-01 04:12:00,7931.5,1100517,7932.0,1380395,37779
1900-01-01 04:12:15,7924.5,59023,7925.0,261508,147460
1900-01-01 04:12:30,7922.0,3400,7922.5,474972,39328
1900-01-01 04:12:45,7922.0,1137841,7922.5,181162,231435
1900-01-01 04:13:00,7925.0,551911,7925.5,65008,424562
1900-01-01 04:13:15,7926.5,82482,7927.0,38003,117656
1900-01-01 04:13:30,7931.0,129890,7931.5,148337,178322
1900-01-01 04:13:45,7929.0,68883,7929.5,236659,58723
1900-01-01 04:14:00,7933.0,173404,7933.5,108738,441057
1900-01-01 04:14:15,7934.5,467424,7935.0,93502,65304
1900-01-01 04:14:30,7942.5,663905,7943.0,50859,2251417
1900-01-01 04:14:45,7946.5,231061,7947.0,113962,238176
1900-01-01 04:15:00,7941.0,74937,7941.5,74990,219128
1900-01-01 04:15:15,7938.0,56659,7938.5,227428,29278
1900-01-01 04:15:30,7938.5,153896,7939.0,144575,7713
1900-01-01 04:15:45,7943.0,148488,7943.5,306144,154178
1900-01-01 04:16:00,7943.0,246663,7943.5,239490,159095
1900-01-01 04:16:15,7944.0,1643357,7944.5,166123,595600
1900-01-01 04:16:30,7947.0,600916,7947.5,4785,603060
1900-01-01 04:16:45,7951.5,653406,7952.0,294498,575714
1900-01-01 04:17:00,7956.5,564433,7957.0,138135,380083
1900-01-01 04:17:15,7959.5,423994,7960.0,130506,632222
1900-01-01 04:17:30,7952.0,1025121,7952.5,59240,163317
1900-01-01 04:17:45,7950.0,572659,7950.5,473530,165651
1900-01-01 04:18:00,7941.0,1059726,7941.5,569,65962
1900-01-01 04:18:15,7928.0,85514,7928.5,309352,34762
1900-01-01 04:18:30,7924.0,252409,7924.5,186333,95275
1900-01-01 04:18:45,7927.5,502038,7928.0,370,453647
1900-01-01 04:19:00,7923.0,65328,7923.5,477616,122839
1900-01-01 04:19:15,7923.0,41658,7923.5,15946,204741
1900-01-01 04:19:30,7916.0,5612,7916.5,325473,222274
1900-01-01 04:19:45,7912.5,31632,7913.0,423667,249577
1900-01-01 04:20:00,7917.5,81015,7918.0,14200,534156
1900-01-01 04:20:15,7920.5,9930,7921.0,600862,623515
1900-01-01 04:20:30,7914.0,728441,7914.5,244807,64610
1900-01-01 04:20:45,7919.5,61627,7920.0,367923,293809
1900-01-01 04:21:00,7910.0,146589,7910.5,377732,14993
1900-01-01 04:21:15,7926.0,14898,7926.5,39612,968597
1900-01-01 04:21:30,7918.0,4317,7918.5,567324,732443
1900-01-01 04:21:45,7909.5,606627,7910.0,227272,1858006
1900-01-01 04:22:00,7907.0,646,7907.5,62348,186906
1900-01-01 04:22:15,7891.0,63943,7891.5,148793,58887
1900-01-01 04:22:30,7866.0,123504,7866.5,16059,442979
1900-01-01 04:22:45,7889.5,54352,7890.0,8585,1604102
1900-01-01 04:23:00,7892.5,11161,7893.0,1106989,624880
1900-01-01 04:23:15,7888.0,126371,7888.5,4648,429228
1900-01-01 04:23:30,7903.5,710781,7904.0,115067,1897396
1900-01-01 04:23:45,7903.5,425315,7904.0,142367,1337241
1900-01-01 04:24:00,7892.5,39824,7893.0,33342,181626
1900-01-01 04:24:15,7892.5,267606,7893.0,52516,421911
1900-01-01 04:24:30,7894.5,88508,7895.0,763430,175691
1900-01-01 04:24:45,7891.5,480146,7892.0,423167,116976
1900-01-01 04:25:00,7894.5,627169,7895.0,135109,2003516
1900-01-01 04:25:15,7894.0,11228,7894.5,294811,292126
1900-01-01 04:25:30,7888.5,131363,7889.0,3423349,171004
1900-01-01 04:25:45,7888.0,8000,7888.5,2324,1560247
1900-01-01 04:26:00,7887.5,512385,7888.0,248,380629
1900-01-01 04:26:15,7896.5,96639,7897.0,364172,887526
1900-01-01 04:26:30,7896.5,743061,7897.0,7392,238823
1900-01-01 04:26:45,7902.5,344252,7903.0,47951,256352
1900-01-01 04:27:00,7904.5,612653,7905.0,17064,460825
1900-01-01 04:27:15,7910.0,2030,7910.5,231971,633720
1900-01-01 04:27:30,7910.0,573036,7910.5,393010,490997
1900-01-01 04:27:45,7910.0,1173381,7910.5,166424,400193
1900-01-01 04:28:00,7910.5,754552,7911.0,377820,147446
1900-01-01 04:28:15,7913.0,575308,7913.5,116722,436297
1900-01-01 04:28:30,7914.5,206334,7915.0,304291,672404
1900-01-01 04:28:45,7914.5,253320,7915.0,263418,104182
1900-01-01 04:29:00,7916.0,1126486,7916.5,104083,638880
1900-01-01 04:29:15,7921.5,159197,7922.0,114270,568363
1900-01-01 04:29:30,7919.0,111207,7919.5,570304,576407
1900-01-01 04:29:45,7915.0,517859,7915.5,186720,139576
1900-01-01 04:30:00,7915.0,308432,7915.5,338069,70762
1900-01-01 04:30:15,7915.0,142015,7915.5,362685,81410
1900-01-01 04:30:30,7910.5,563440,7911.0,173137,32286
1900-01-01 04:30:45,7904.5,58030,7905.0,105299,100766
1900-01-01 04:31:00,7901.5,68518,7902.0,421551,153310
1900-01-01 04:31:15,7908.0,387841,7908.5,144868,457489
1900-01-01 04:31:30,7905.0,112579,7905.5,445149,222466
1900-01-01 04:31:45,7905.0,72890,7905.5,363880,40128
1900-01-01 04:32:00,7909.5,304225,7910.0,89302,375237
1900-01-01 04:32:15,7910.0,599707,7910.5,50426,131686
1900-01-01 04:32:30,7912.0,137204,7912.5,245940,222175
1900-01-01 04:32:45,7913.5,369029,7914.0,61934,46567
1900-01-01 04:33:00,7912.0,547230,7912.5,10491,380026
1900-01-01 04:33:15,7915.0,389331,7915.5,205041,246275
1900-01-01 04:33:30,7915.0,383379,7915.5,225256,40322
1900-01-01 04:33:45,7915.5,131654,7916.0,59739,71004
1900-01-01 04:34:00,7921.5,948182,7922.0,27434,722675
1900-01-01 04:34:15,7921.0,52621,7921.5,821657,253513
1900-01-01 04:34:30,7915.0,218397,7915.5,225940,54283
1900-01-01 04:34:45,7916.0,29721,7916.5,435338,42108
1900-01-01 04:35:00,7912.5,12397,7913.0,887789,20858
1900-01-01 04:35:15,7909.0,1625,7909.5,1192307,356
1900-01-01 04:35:30,7908.0,320,7908.5,498332,39080
1900-01-01 04:35:45,7905.5,230208,7906.0,858790,5426
1900-01-01 04:36:00,7902.0,596378,7902.5,51783,356644
1900-01-01 04:36:15,7904.5,484286,7905.0,30582,325970
1900-01-01 04:36:30,7904.0,19703,7904.5,295611,150397
1900-01-01 04:36:45,7903.5,7476,7904.0,443371,14346
1900-01-01 04:37:00,7902.0,716604,7902.5,203332,27988
1900-01-01 04:37:15,7903.0,256978,7903.5,176201,208390
1900-01-01 04:37:30,7902.0,102593,7902.5,426021,26617
1900-01-01 04:37:45,7896.0,22543,7896.5,156337,217956
1900-01-01 04:38:00,7893.5,400800,7894.0,79400,52063
1900-01-01 04:38:15,7891.0,1361346,7891.5,8861,173017
1900-01-01 04:38:30,7894.5,1018900,7895.0,26471,167578
1900-01-01 04:38:45,7886.5,580882,7887.0,176669,181707
1900-01-01 04:39:00,7887.5,7291,7888.0,1051461,143689
1900-01-01 04:39:15,7889.0,159915,7889.5,1097,228792
1900-01-01 04:39:30,7892.0,17496,7892.5,213704,358523
1900-01-01 04:39:45,7894.0,29577,7894.5,565612,75603
1900-01-01 04:40:00,7894.0,128631,7894.5,742007,14930
1900-01-01 04:40:15,7891.0,80552,7891.5,577908,259965
1900-01-01 04:40:30,7885.0,13584,7885.5,396470,48582
1900-01-01 04:40:45,7878.0,71917,7878.5,654534,156814
1900-01-01 04:41:00,7866.5,566552,7867.0,182397,24485
1900-01-01 04:41:15,7874.5,359404,7875.0,354797,411933
1900-01-01 04:41:30,7874.0,802845,7874.5,302359,148377
1900-01-01 04:41:45,7872.0,431096,7872.5,296666,108774
1900-01-01 04:42:00,7863.0,244046,7863.5,137148,349724
1900-01-01 04:42:15,7860.0,1192571,7860.5,2943,404539
1900-01-01 04:42:30,7866.0,20226,7866.5,613539,102340
1900-01-01 04:42:45,7874.0,422425,7874.5,11982,1174800
1900-01-01 04:43:00,7883.0,320612,7883.5,107578,594626
1900-01-01 04:43:15,7884.0,225199,7884.5,73988,705351
1900-01-01 04:43:30,7891.0,66142,7891.5,2,242267
1900-01-01 04:43:45,7891.0,326333,7891.5,73754,220657
1900-01-01 04:44:00,7897.0,383188,7897.5,273993,437600
1900-01-01 04:44:15,7910.0,126569,7910.5,66851,3332306
1900-01-01 04:44:30,7901.5,307447,7902.0,213439,250636
1900-01-01 04:44:45,7896.0,74886,7896.5,505839,107677
1900-01-01 04:45:00,7890.5,566580,7891.0,271915,145436
1900-01-01 04:45:15,7890.5,1296201,7891.0,32570,269788
1900-01-01 04:45:30,7890.5,1502618,7891.0,1094579,26765
1900-01-01 04:45:45,7899.5,964829,7900.0,1199311,453163
1900-01-01 04:46:00,7899.5,879190,7900.0,637942,648883
1900-01-01 04:46:15,7899.5,587351,7900.0,63714,148711
1900-01-01 04:46:30,7900.5,125138,7901.0,389897,275814
1900-01-01 04:46:45,7902.5,444244,7903.0,10902,61717
1900-01-01 04:47:00,7905.0,442323,7905.5,95941,53590
1900-01-01 04:47:15,7906.5,792080,7907.0,162072,322336
1900-01-01 04:47:30,7911.0,190301,7911.5,51491,212052
1900-01-01 04:47:45,7914.5,55946,7915.0,510413,143670
1900-01-01 04:48:00,7919.5,135227,7920.0,82067,233885
1900-01-01 04:48:15,7917.0,43,7917.5,928834,131619
1900-01-01 04:48:30,7919.0,66261,7919.5,494205,333293
1900-01-01 04:48:45,7914.0,400779,7914.5,22559,67602
1900-01-01 04:49:00,7914.0,617947,7914.5,80735,38864
1900-01-01 04:49:15,7914.0,1753786,7914.5,153214,21697
1900-01-01 04:49:30,7914.0,2003378,7914.5,53579,101952
1900-01-01 04:49:45,7920.0,770209,7920.5,13308,312933
1900-01-01 04:50:00,7923.5,1556097,7924.0,33906,209760
1900-01-01 04:50:15,7932.0,62587,7932.5,9506,780278
1900-01-01 04:50:30,7944.0,564703,7944.5,635823,681369
1900-01-01 04:50:45,7941.0,32545,7941.5,857151,291061
1900-01-01 04:51:00,7939.0,37895,7939.5,1144753,435093
1900-01-01 04:51:15,7943.5,186800,7944.0,116119,237642
1900-01-01 04:51:30,7959.5,49622,7960.0,130802,581402
1900-01-01 04:51:45,7964.0,483585,7964.5,109398,2846603
1900-01-01 04:52:00,7978.0,600,7979.0,143967,2026012
1900-01-01 04:52:15,7978.0,96992,7978.5,46051,1630792
1900-01-01 04:52:30,7989.0,77197,7989.5,327138,2044517
1900-01-01 04:52:45,7975.0,39132,7975.5,357036,677355
1900-01-01 04:53:00,7981.0,245181,7981.5,4072,629336
1900-01-01 04:53:15,7987.0,341365,7987.5,157482,1962022
1900-01-01 04:53:30,7998.5,162019,7999.0,215850,1162516
1900-01-01 04:53:45,8004.0,89986,8005.0,183638,6976449
1900-01-01 04:54:00,8029.5,35042,8030.0,22,4067013
1900-01-01 04:54:15,8030.5,280772,8031.0,58849,6456985
1900-01-01 04:54:30,8017.0,56137,8017.5,131099,3503288
1900-01-01 04:54:45,7990.5,8956,7994.5,12000,802439
1900-01-01 04:55:00,7988.5,142613,7989.0,536261,543062
1900-01-01 04:55:15,7998.0,300758,7998.5,309753,1012509
1900-01-01 04:55:30,7998.0,329927,7998.5,434931,840919
1900-01-01 04:55:45,7980.5,91558,7986.0,7967,286632
1900-01-01 04:56:00,7986.0,76376,7986.5,77489,232686
1900-01-01 04:56:15,7990.5,332035,7991.0,129032,346759
1900-01-01 04:56:30,7994.0,58606,7994.5,710177,637538
1900-01-01 04:56:45,7999.5,438652,8000.0,492222,688553
1900-01-01 04:57:00,7999.5,428296,8000.0,31486,421615
1900-01-01 04:57:15,8004.5,11159,8005.0,133581,110362
1900-01-01 04:57:30,8009.5,63610,8010.0,601482,320542
1900-01-01 04:57:45,8016.0,265024,8016.5,19566,835501
1900-01-01 04:58:00,8013.0,305794,8013.5,467210,241649
1900-01-01 04:58:15,8002.5,4379,8003.0,21932,46227
1900-01-01 04:58:30,7988.5,803671,7989.0,109045,53562
1900-01-01 04:58:45,7990.5,184086,7991.0,117078,294078
1900-01-01 04:59:00,7990.0,272802,7990.5,148888,37690
1900-01-01 04:59:15,7988.0,520150,7988.5,136214,45601
1900-01-01 04:59:30,7999.5,223863,8000.0,682302,637246
1900-01-01 04:59:45,7991.5,774926,7992.0,17970,158762
1900-01-01 05:00:00,7993.0,357926,7993.5,39261,64421
1900-01-01 05:00:15,7993.0,13999,7993.5,803896,576691
1900-01-01 05:00:30,7985.0,95857,7987.0,7406,61384
1900-01-01 05:00:45,7982.0,444607,7982.5,98836,91040
1900-01-01 05:01:00,7980.0,151835,7980.5,438356,159885
1900-01-01 05:01:15,7972.0,196461,7972.5,209712,48168
1900-01-01 05:01:30,7971.0,92171,7971.5,176878,149212
1900-01-01 05:01:45,7976.0,360018,7976.5,187717,967242
1900-01-01 05:02:00,7971.5,645139,7972.0,69264,340593
1900-01-01 05:02:15,7977.5,546017,7978.0,62075,295070
1900-01-01 05:02:30,7976.0,6036,7976.5,662415,123143
1900-01-01 05:02:45,7975.0,290072,7975.5,425457,43320
1900-01-01 05:03:00,7971.0,96992,7971.5,485201,146258
1900-01-01 05:03:15,7966.0,1131285,7966.5,16124,116635
1900-01-01 05:03:30,7975.5,423934,7976.0,8916,1132207
1900-01-01 05:03:45,7983.0,713956,7983.5,172821,161459
1900-01-01 05:04:00,7983.0,350977,7983.5,125726,287121
1900-01-01 05:04:15,7984.5,104879,7985.0,521982,213885
1900-01-01 05:04:30,7980.5,296486,7981.0,1088592,80558
1900-01-01 05:04:45,7980.0,970853,7980.5,323970,147681
1900-01-01 05:05:00,7981.5,872652,7982.0,40682,942496
1900-01-01 05:05:15,7994.5,1924659,7995.0,116795,567911
1900-01-01 05:05:30,7989.5,32383,7990.0,323365,251726
1900-01-01 05:05:45,7998.0,12664,7998.5,467082,189335
1900-01-01 05:06:00,7993.0,450855,7993.5,15909,103753
1900-01-01 05:06:15,7990.5,45203,7991.0,411932,201561
1900-01-01 05:06:30,7995.5,22525,7996.0,681148,33119
1900-01-01 05:06:45,7992.0,1077997,7992.5,170,267342
1900-01-01 05:07:00,7996.5,512520,7997.0,276129,541701
1900-01-01 05:07:15,7999.0,1214325,7999.5,187527,511093
1900-01-01 05:07:30,8008.5,501140,8009.0,267553,666627
1900-01-01 05:07:45,8013.0,348057,8013.5,1681,407649
1900-01-01 05:08:00,8022.5,3105,8023.0,130856,1002210
1900-01-01 05:08:15,8015.5,1106921,8016.0,43992,408513
1900-01-01 05:08:30,8023.0,1210585,8023.5,17648,331836
1900-01-01 05:08:45,8029.5,219815,8030.0,761030,677520
1900-01-01 05:09:00,8029.0,316321,8029.5,550304,406198
1900-01-01 05:09:15,8016.0,31424,8016.5,419094,220401
1900-01-01 05:09:30,8015.5,30000,8016.0,36233,246544
1900-01-01 05:09:45,8014.5,314221,8015.0,577521,908304
1900-01-01 05:10:00,8002.0,62175,8002.5,177300,90903
1900-01-01 05:10:15,8008.5,1403,8009.0,214368,98444
1900-01-01 05:10:30,8001.0,13969,8001.5,287284,45602
1900-01-01 05:10:45,8001.0,13969,8001.5,301557,0
1900-01-01 05:11:00,8001.0,13969,8001.5,301557,0
1900-01-01 05:11:15,8001.0,13969,8001.5,301557,0
1900-01-01 05:11:30,8001.0,13969,8001.5,301557,0
1900-01-01 05:11:45,8008.5,333176,8009.0,27602,239223
1900-01-01 05:12:00,8012.0,609501,8012.5,69451,195791
1900-01-01 05:12:15,8012.0,252427,8012.5,645388,35564
1900-01-01 05:12:30,8010.5,17367,8011.0,867042,88504
1900-01-01 05:12:45,8002.5,356866,8003.0,593589,52871
1900-01-01 05:13:00,8000.0,78233,8000.5,938119,193714
1900-01-01 05:13:15,8000.0,563102,8000.5,122,19358
1900-01-01 05:13:30,7990.0,721151,7990.5,274404,116552
1900-01-01 05:13:45,7993.5,67957,7994.0,497311,201769
1900-01-01 05:14:00,7993.5,50536,7994.0,618199,31094
1900-01-01 05:14:15,7991.0,306592,7991.5,177048,165916
1900-01-01 05:14:30,7997.0,1240220,7997.5,22310,104482
1900-01-01 05:14:45,8002.5,179073,8003.0,35000,455479
1900-01-01 05:15:00,8004.5,42409,8005.0,523767,262174
1900-01-01 05:15:15,8000.0,412366,8000.5,847479,117623
1900-01-01 05:15:30,7992.0,96886,7992.5,836425,47094
1900-01-01 05:15:45,7990.0,123842,7990.5,529218,30850
1900-01-01 05:16:00,7982.0,36180,7982.5,856199,6590
1900-01-01 05:16:15,7976.5,102468,7977.0,410648,40954
1900-01-01 05:16:30,7979.5,32092,7980.0,498299,85707
1900-01-01 05:16:45,7992.0,152504,7992.5,5040,193842
1900-01-01 05:17:00,7985.5,32,7986.0,35744,201984
1900-01-01 05:17:15,7985.0,9900,7985.5,377211,661079
1900-01-01 05:17:30,7975.0,1156427,7975.5,42276,75412
1900-01-01 05:17:45,7975.0,490050,7975.5,369754,141901
1900-01-01 05:18:00,7979.5,179178,7980.0,352247,200487
1900-01-01 05:18:15,7976.5,232189,7977.0,438756,23706
1900-01-01 05:18:30,7975.5,140525,7976.0,566614,77026
1900-01-01 05:18:45,7986.5,143374,7987.0,358519,121381
1900-01-01 05:19:00,7979.5,354669,7980.0,425247,595003
1900-01-01 05:19:15,7982.5,232808,7983.0,361072,85434
1900-01-01 05:19:30,7985.0,128864,7985.5,567452,104689
1900-01-01 05:19:45,7983.0,475128,7983.5,812333,410
1900-01-01 05:20:00,7975.0,115282,7975.5,677235,11057
1900-01-01 05:20:15,7970.0,196058,7970.5,759386,38201
1900-01-01 05:20:30,7967.0,45326,7967.5,735791,26503
1900-01-01 05:20:45,7965.0,40158,7965.5,701099,27480
1900-01-01 05:21:00,7969.0,211487,7969.5,13466,191649
1900-01-01 05:21:15,7975.0,207849,7975.5,1179422,250455
1900-01-01 05:21:30,7978.5,1066363,7979.0,112683,172672
1900-01-01 05:21:45,7981.0,495898,7981.5,502036,307921
1900-01-01 05:22:00,7981.0,468859,7981.5,832013,42209
1900-01-01 05:22:15,7981.0,67975,7981.5,1462664,44812
1900-01-01 05:22:30,7977.5,1012016,7978.0,7288,50055
1900-01-01 05:22:45,7982.0,1099954,7982.5,39117,358459
1900-01-01 05:23:00,7982.5,1421468,7983.0,110080,41455
1900-01-01 05:23:15,7987.5,528713,7988.0,399,394689
1900-01-01 05:23:30,7994.5,304396,7995.0,716271,362634
1900-01-01 05:23:45,7991.0,391061,7991.5,657776,126772
1900-01-01 05:24:00,7991.0,154241,7991.5,451624,75275
1900-01-01 05:24:15,7990.0,818069,7990.5,215211,178814
1900-01-01 05:24:30,7982.0,294813,7982.5,256549,25653
1900-01-01 05:24:45,7983.0,1208517,7983.5,1071,38205
1900-01-01 05:25:00,7983.0,22028,7983.5,628438,51244
1900-01-01 05:25:15,7978.0,279918,7978.5,32666,56429
1900-01-01 05:25:30,7982.5,152918,7983.0,331502,131060
1900-01-01 05:25:45,7987.0,398708,7987.5,16648,211735
1900-01-01 05:26:00,7978.5,500467,7979.0,155133,33821
1900-01-01 05:26:15,7980.5,121847,7981.0,14257,71090
1900-01-01 05:26:30,7976.0,104690,7976.5,395558,21436
1900-01-01 05:26:45,7975.0,28879,7975.5,523693,19404
1900-01-01 05:27:00,7977.0,468019,7977.5,13834,116356
1900-01-01 05:27:15,7979.0,280100,7979.5,241278,114186
1900-01-01 05:27:30,7975.5,1311568,7976.0,42081,34504
1900-01-01 05:27:45,7978.5,34791,7979.0,531464,61145
1900-01-01 05:28:00,7978.5,73995,7979.0,745742,6000
1900-01-01 05:28:15,7970.5,43002,7971.0,521183,5982
1900-01-01 05:28:30,7970.0,627385,7970.5,60713,117786
1900-01-01 05:28:45,7979.5,68377,7980.0,923064,178332
1900-01-01 05:29:00,7978.5,455281,7979.0,347606,112835
1900-01-01 05:29:15,7978.5,503310,7979.0,156460,70287
1900-01-01 05:29:30,7978.5,832216,7979.0,183319,30704
1900-01-01 05:29:45,7978.5,291635,7979.0,359060,148525
1900-01-01 05:30:00,7978.5,15186,7979.0,1968318,27123
1900-01-01 05:30:15,7970.0,143552,7970.5,695145,62151
1900-01-01 05:30:30,7963.0,4216,7963.5,47748,65710
1900-01-01 05:30:45,7957.0,61629,7957.5,692083,29750
1900-01-01 05:31:00,7950.5,454670,7951.0,18690,350692
1900-01-01 05:31:15,7959.5,498116,7960.0,277470,1088468
1900-01-01 05:31:30,7954.5,124170,7955.0,218174,237544
1900-01-01 05:31:45,7954.5,279543,7955.0,686715,74778
1900-01-01 05:32:00,7951.5,169829,7952.0,810712,39916
1900-01-01 05:32:15,7942.0,489689,7942.5,688098,62411
1900-01-01 05:32:30,7942.0,708492,7942.5,452514,297558
1900-01-01 05:32:45,7952.0,172820,7953.0,7103,612532
1900-01-01 05:33:00,7946.0,808393,7946.5,4469,234851
1900-01-01 05:33:15,7951.5,569830,7952.0,198350,743903
1900-01-01 05:33:30,7951.5,563657,7952.0,313707,82050
1900-01-01 05:33:45,7961.0,120035,7967.0,75311,857019
1900-01-01 05:34:00,7978.0,628234,7978.5,4685,571219
1900-01-01 05:34:15,7967.5,41809,7968.0,543289,192601
1900-01-01 05:34:30,7976.0,55,7976.5,75711,293870
1900-01-01 05:34:45,7969.5,40578,7970.0,575964,37092
1900-01-01 05:35:00,7965.0,71625,7965.5,672384,39455
1900-01-01 05:35:15,7963.0,103189,7963.5,1501824,3858
1900-01-01 05:35:30,7956.0,20000,7956.5,2045,41164
1900-01-01 05:35:45,7964.0,8057,7964.5,367054,478094
1900-01-01 05:36:00,7967.5,567671,7968.0,56951,92014
1900-01-01 05:36:15,7971.5,614756,7975.0,14790,240662
1900-01-01 05:36:30,7974.0,645234,7974.5,2814,82996
1900-01-01 05:36:45,7981.5,4164,7984.0,50000,257840
1900-01-01 05:37:00,7966.0,22008,7966.5,10350,248223
1900-01-01 05:37:15,7969.5,313440,7970.0,586412,188264
1900-01-01 05:37:30,7963.5,363921,7964.0,25000,95218
1900-01-01 05:37:45,7969.5,135234,7970.0,590452,248339
1900-01-01 05:38:00,7972.5,1090657,7973.0,82922,398495
1900-01-01 05:38:15,7974.5,1394276,7975.0,101583,161687
1900-01-01 05:38:30,7972.0,133,7972.5,241361,436779
1900-01-01 05:38:45,7969.5,408798,7970.0,825,21504
1900-01-01 05:39:00,7968.0,315762,7968.5,315992,95145
1900-01-01 05:39:15,7972.0,291226,7972.5,757266,82766
1900-01-01 05:39:30,7973.5,752861,7974.0,60404,297650
1900-01-01 05:39:45,7973.5,242608,7974.0,543639,12980
1900-01-01 05:40:00,7970.0,43099,7970.5,1353289,43026
1900-01-01 05:40:15,7968.5,10737,7969.0,465069,257957
1900-01-01 05:40:30,7962.5,510439,7963.0,186084,72234
1900-01-01 05:40:45,7964.5,303078,7965.0,309030,24719
1900-01-01 05:41:00,7969.5,481890,7970.0,112918,70737
1900-01-01 05:41:15,7976.5,232341,7977.0,1160,283822
1900-01-01 05:41:30,7968.5,604331,7969.0,77704,48043
1900-01-01 05:41:45,7970.5,83848,7971.0,498878,304836
1900-01-01 05:42:00,7970.5,108642,7971.0,338433,125980
1900-01-01 05:42:15,7974.5,237899,7975.0,230556,187144
1900-01-01 05:42:30,7972.5,65234,7973.0,214139,98337
1900-01-01 05:42:45,7971.0,1123,7971.5,167470,12159
1900-01-01 05:43:00,7968.0,48381,7968.5,644652,5948
1900-01-01 05:43:15,7965.0,9856,7965.5,477076,51668
1900-01-01 05:43:30,7961.0,22527,7961.5,523888,51860
1900-01-01 05:43:45,7956.5,298966,7957.0,7974,44193
1900-01-01 05:44:00,7957.5,802237,7958.0,220528,120432
1900-01-01 05:44:15,7960.5,2437,7961.0,291983,300830
1900-01-01 05:44:30,7960.0,466908,7960.5,380036,46316
1900-01-01 05:44:45,7958.0,3509,7958.5,833309,72365
1900-01-01 05:45:00,7959.5,724147,7960.0,67750,119080
1900-01-01 05:45:15,7961.5,573830,7962.0,18535,144280
1900-01-01 05:45:30,7966.0,464231,7966.5,24386,99432
1900-01-01 05:45:45,7966.5,779607,7967.0,11176,49221
1900-01-01 05:46:00,7970.0,495794,7970.5,1649,422232
1900-01-01 05:46:15,7971.5,568108,7972.0,289290,272346
1900-01-01 05:46:30,7970.0,54372,7970.5,1450362,26621
1900-01-01 05:46:45,7967.5,1112904,7968.0,77642,14410
1900-01-01 05:47:00,7967.5,514135,7968.0,548894,51975
1900-01-01 05:47:15,7967.5,507212,7968.0,876137,26578
1900-01-01 05:47:30,7962.0,50702,7963.5,227897,233608
1900-01-01 05:47:45,7963.0,96819,7963.5,280580,26062
1900-01-01 05:48:00,7960.0,6344,7960.5,448455,3914
1900-01-01 05:48:15,7953.5,119415,7954.0,398664,31435
1900-01-01 05:48:30,7958.0,174376,7958.5,78126,136492
1900-01-01 05:48:45,7955.5,43237,7957.0,715657,71052
1900-01-01 05:49:00,7955.5,13946,7956.0,522729,25248
1900-01-01 05:49:15,7954.0,78308,7954.5,695187,18592
1900-01-01 05:49:30,7953.0,158668,7953.5,670194,61763
1900-01-01 05:49:45,7953.0,140738,7953.5,622620,59368
1900-01-01 05:50:00,7949.0,10988,7949.5,793460,151282
1900-01-01 05:50:15,7937.0,240441,7937.5,118600,108972
1900-01-01 05:50:30,7943.5,252555,7944.0,11882,889157
1900-01-01 05:50:45,7933.0,373204,7933.5,160655,188957
1900-01-01 05:51:00,7946.0,93424,7946.5,130037,664951
1900-01-01 05:51:15,7941.0,22651,7941.5,487347,56285
1900-01-01 05:51:30,7944.0,5000,7944.5,1022912,183368
1900-01-01 05:51:45,7941.0,68197,7941.5,532007,60898
1900-01-01 05:52:00,7933.0,482533,7933.5,208258,102483
1900-01-01 05:52:15,7935.5,75022,7936.0,449268,230742
1900-01-01 05:52:30,7933.5,917265,7934.0,7170,91814
1900-01-01 05:52:45,7937.5,148654,7938.0,105,143356
1900-01-01 05:53:00,7946.5,478,7947.0,1036611,424413
1900-01-01 05:53:15,7945.0,455190,7945.5,58314,180703
1900-01-01 05:53:30,7933.0,77033,7933.5,325285,60394
1900-01-01 05:53:45,7927.0,145652,7927.5,247284,123984
1900-01-01 05:54:00,7933.5,44946,7934.0,449925,192912
1900-01-01 05:54:15,7930.0,176644,7930.5,422986,128574
1900-01-01 05:54:30,7926.5,246947,7927.0,114728,132086
1900-01-01 05:54:45,7926.5,243830,7927.0,467639,19786
1900-01-01 05:55:00,7933.5,33196,7934.0,535422,386008
1900-01-01 05:55:15,7934.5,153660,7935.0,435231,120472
1900-01-01 05:55:30,7934.5,1062700,7935.0,85042,152100
1900-01-01 05:55:45,7936.5,675534,7937.0,90209,217430
1900-01-01 05:56:00,7943.5,343020,7944.0,21939,344449
1900-01-01 05:56:15,7945.5,534648,7946.0,836734,305170
1900-01-01 05:56:30,7942.0,12933,7943.5,126730,102240
1900-01-01 05:56:45,7939.0,354853,7939.5,331,275874
1900-01-01 05:57:00,7941.0,141840,7941.5,355780,352596
1900-01-01 05:57:15,7941.0,18519,7941.5,738400,36540
1900-01-01 05:57:30,7940.0,412178,7940.5,184282,61050
1900-01-01 05:57:45,7943.0,278980,7943.5,568686,819340
1900-01-01 05:58:00,7943.0,665127,7943.5,205006,120518
1900-01-01 05:58:15,7949.5,193255,7950.0,566787,528365
1900-01-01 05:58:30,7951.0,410244,7951.5,716141,541884
1900-01-01 05:58:45,7951.0,50675,7951.5,696564,18239
1900-01-01 05:59:00,7947.5,146479,7948.0,155052,84904
1900-01-01 05:59:15,7953.5,226295,7954.0,1047164,339140
1900-01-01 05:59:30,7953.5,672888,7954.0,627080,379951
1900-01-01 05:59:45,7953.5,601648,7954.0,512091,423202
1900-01-01 06:00:00,7953.5,530614,7954.0,126985,406264
1900-01-01 06:00:15,7953.5,585146,7954.0,511439,252801
1900-01-01 06:00:30,7959.5,216435,7960.0,836783,688196
1900-01-01 06:00:45,7960.0,417142,7960.5,329,346249
1900-01-01 06:01:00,7962.5,63522,7963.0,734492,426072
1900-01-01 06:01:15,7954.0,33817,7954.5,20000,150795
1900-01-01 06:01:30,7952.0,1671598,7952.5,15000,95531
1900-01-01 06:01:45,7957.5,30303,7958.0,478175,156576
1900-01-01 06:02:00,7956.5,176732,7957.0,567655,87505
1900-01-01 06:02:15,7953.5,27694,7954.0,551567,118632
1900-01-01 06:02:30,7956.0,521204,7956.5,765,51408
1900-01-01 06:02:45,7956.0,132123,7956.5,426367,57373
1900-01-01 06:03:00,7959.0,87975,7959.5,572299,166540
1900-01-01 06:03:15,7956.0,288,7956.5,508285,278418
1900-01-01 06:03:30,7953.0,26419,7953.5,768031,33732
1900-01-01 06:03:45,7950.0,13871,7950.5,627772,7014
1900-01-01 06:04:00,7949.0,233951,7949.5,655615,21358
1900-01-01 06:04:15,7949.0,150665,7949.5,726991,4832
1900-01-01 06:04:30,7948.0,23946,7948.5,416096,15715
1900-01-01 06:04:45,7943.5,19412,7944.0,436499,7896
1900-01-01 06:05:00,7945.5,9085,7946.0,7723,170037
1900-01-01 06:05:15,7946.5,51,7947.0,261320,64340
1900-01-01 06:05:30,7946.0,512713,7946.5,491953,152846
1900-01-01 06:05:45,7949.0,607231,7949.5,76604,66861
1900-01-01 06:06:00,7953.5,271511,7954.0,25,505389
1900-01-01 06:06:15,7957.0,121899,7957.5,724014,72416
1900-01-01 06:06:30,7959.0,600017,7959.5,419275,171976
1900-01-01 06:06:45,7959.0,365852,7959.5,498691,58401
1900-01-01 06:07:00,7959.0,99284,7959.5,529669,24225
1900-01-01 06:07:15,7963.0,904121,7963.5,16360,343391
1900-01-01 06:07:30,7967.5,323860,7968.0,1418338,514277
1900-01-01 06:07:45,7967.5,519420,7968.0,953632,193650
1900-01-01 06:08:00,7972.5,605231,7973.0,49657,438835
1900-01-01 06:08:15,7975.5,51271,7976.0,142026,245995
1900-01-01 06:08:30,7972.5,561002,7973.0,159526,116860
1900-01-01 06:08:45,7975.5,443512,7976.0,154817,256420
1900-01-01 06:09:00,7975.0,521057,7975.5,73401,112984
1900-01-01 06:09:15,7979.0,526595,7979.5,231523,432800
1900-01-01 06:09:30,7979.0,1004586,7979.5,106432,139965
1900-01-01 06:09:45,7988.5,1081843,7989.0,138670,731285
1900-01-01 06:10:00,7981.5,187664,7982.0,231448,298320
1900-01-01 06:10:15,7981.5,108292,7982.0,269483,182223
1900-01-01 06:10:30,7980.0,107804,7980.5,81118,189089
1900-01-01 06:10:45,7981.5,1091902,7982.0,52170,359827
1900-01-01 06:11:00,7982.0,1027312,7982.5,98690,299318
1900-01-01 06:11:15,7988.5,172501,7989.0,337278,119110
1900-01-01 06:11:30,7985.5,368619,7986.0,220028,299319
1900-01-01 06:11:45,7989.5,139762,7990.0,766476,250187
1900-01-01 06:12:00,7995.5,397851,7996.0,39580,303109
1900-01-01 06:12:15,7997.5,415693,7998.0,161329,371645
1900-01-01 06:12:30,7998.5,259113,7999.0,235354,759501
1900-01-01 06:12:45,7999.0,176572,7999.5,135308,272206
1900-01-01 06:13:00,7991.0,190740,7991.5,257167,13247
1900-01-01 06:13:15,7982.5,460633,7983.0,165223,210740
1900-01-01 06:13:30,7989.0,476577,7989.5,98953,153625
1900-01-01 06:13:45,7998.5,74694,7999.0,1230997,145862
1900-01-01 06:14:00,7991.0,431000,7991.5,194834,126712
1900-01-01 06:14:15,7994.5,232045,7995.0,306116,112960
1900-01-01 06:14:30,7987.0,420142,7987.5,89056,38163
1900-01-01 06:14:45,7986.0,20374,7986.5,540194,93493
1900-01-01 06:15:00,7978.5,540400,7979.0,211784,23700
1900-01-01 06:15:15,7978.5,123527,7979.0,307245,58858
1900-01-01 06:15:30,7974.5,347100,7975.0,500,72509
1900-01-01 06:15:45,7978.0,553507,7978.5,339610,124756
1900-01-01 06:16:00,7978.0,179968,7978.5,550178,46802
1900-01-01 06:16:15,7975.0,47291,7975.5,383035,153584
1900-01-01 06:16:30,7973.0,105316,7973.5,418923,300
1900-01-01 06:16:45,7971.5,1317060,7972.0,308404,13372
1900-01-01 06:17:00,7975.5,834633,7976.0,88698,333831
1900-01-01 06:17:15,7975.5,405000,7976.0,207517,165594
1900-01-01 06:17:30,7975.5,586773,7976.0,230598,8423
1900-01-01 06:17:45,7973.0,528514,7973.5,130702,14375
1900-01-01 06:18:00,7975.5,555853,7976.0,15431,136712
1900-01-01 06:18:15,7976.0,965205,7976.5,31873,15752
1900-01-01 06:18:30,7978.5,106215,7979.0,725059,81067
1900-01-01 06:18:45,7977.0,212,7977.5,448207,4500
1900-01-01 06:19:00,7974.5,26102,7975.0,559972,1730
1900-01-01 06:19:15,7973.0,64931,7973.5,656347,4204
1900-01-01 06:19:30,7964.5,128310,7965.0,698791,30982
1900-01-01 06:19:45,7962.0,769455,7962.5,115760,132564
1900-01-01 06:20:00,7956.0,199647,7957.0,35352,46376
1900-01-01 06:20:15,7960.0,31055,7960.5,517486,108646
1900-01-01 06:20:30,7957.5,737710,7958.0,133310,147936
1900-01-01 06:20:45,7957.5,1047563,7958.0,35188,59841
1900-01-01 06:21:00,7958.5,307831,7959.0,244073,53921
1900-01-01 06:21:15,7955.5,9319,7956.0,758444,59391
1900-01-01 06:21:30,7954.0,272308,7954.5,233276,119200
1900-01-01 06:21:45,7954.0,702227,7954.5,44862,198217
1900-01-01 06:22:00,7955.5,993170,7956.0,20413,113865
1900-01-01 06:22:15,7956.5,508698,7957.0,392571,114555
1900-01-01 06:22:30,7952.0,56717,7952.5,383353,14460
1900-01-01 06:22:45,7950.0,825942,7950.5,663622,19690
1900-01-01 06:23:00,7950.0,146920,7950.5,769458,38374
1900-01-01 06:23:15,7945.5,65966,7946.0,548924,4926
1900-01-01 06:23:30,7951.0,232274,7951.5,172,127166
1900-01-01 06:23:45,7953.0,446355,7953.5,6469,34310
1900-01-01 06:24:00,7957.5,1103042,7958.0,67021,99567
1900-01-01 06:24:15,7960.5,739928,7961.0,1167,28839
1900-01-01 06:24:30,7962.5,25600,7963.0,492973,339927
1900-01-01 06:24:45,7966.0,705439,7966.5,403086,363789
1900-01-01 06:25:00,7969.5,360041,7970.0,80991,573106
1900-01-01 06:25:15,7969.5,355901,7970.0,314424,418177
1900-01-01 06:25:30,7969.5,184959,7970.0,725339,32600
1900-01-01 06:25:45,7966.0,111399,7966.5,956020,29180
1900-01-01 06:26:00,7960.0,109891,7960.5,375362,2241
1900-01-01 06:26:15,7957.5,39557,7958.0,1024085,58405
1900-01-01 06:26:30,7959.0,555381,7959.5,24774,59425
1900-01-01 06:26:45,7959.0,16581,7959.5,414063,12444
1900-01-01 06:27:00,7956.5,3127,7957.0,1462686,24394
1900-01-01 06:27:15,7953.5,13357,7954.0,493082,68790
1900-01-01 06:27:30,7945.0,464314,7945.5,254468,182294
1900-01-01 06:27:45,7945.0,150612,7945.5,494345,116861
1900-01-01 06:28:00,7942.0,511437,7942.5,11768,61914
1900-01-01 06:28:15,7941.0,273602,7941.5,163644,173747
1900-01-01 06:28:30,7942.5,547463,7943.0,132274,287981
1900-01-01 06:28:45,7946.5,36416,7947.0,854644,204978
1900-01-01 06:29:00,7941.0,382184,7941.5,128274,202
1900-01-01 06:29:15,7941.5,602882,7942.0,335591,124937
1900-01-01 06:29:30,7946.0,936450,7946.5,20177,731358
1900-01-01 06:29:45,7951.5,351799,7952.0,189155,242615
1900-01-01 06:30:00,7951.5,67451,7952.0,880942,56518
1900-01-01 06:30:15,7951.5,46918,7952.0,984481,46526
1900-01-01 06:30:30,7941.5,427941,7942.0,87416,32142
1900-01-01 06:30:45,7945.0,462924,7945.5,25444,35105
1900-01-01 06:31:00,7948.5,19735,7949.0,319305,41611
1900-01-01 06:31:15,7947.5,464002,7948.0,37055,42932
1900-01-01 06:31:30,7941.5,689501,7942.0,135605,27356
1900-01-01 06:31:45,7941.5,192590,7942.0,334443,39238
1900-01-01 06:32:00,7942.5,50303,7943.0,1369572,42200
1900-01-01 06:32:15,7941.5,89491,7942.0,1267238,209683
1900-01-01 06:32:30,7941.0,30254,7941.5,1018610,9584
1900-01-01 06:32:45,7941.0,136924,7941.5,689809,79349
1900-01-01 06:33:00,7941.0,229191,7941.5,686188,12038
1900-01-01 06:33:15,7940.5,423722,7941.0,777747,156658
1900-01-01 06:33:30,7940.5,774845,7941.0,463254,96553
1900-01-01 06:33:45,7943.0,482525,7943.5,145938,248677
1900-01-01 06:34:00,7943.0,594104,7943.5,36150,15453
1900-01-01 06:34:15,7947.0,489825,7947.5,188848,140973
1900-01-01 06:34:30,7947.0,554946,7947.5,53713,24099
1900-01-01 06:34:45,7947.5,750155,7948.0,91645,112968
1900-01-01 06:35:00,7947.5,495941,7948.0,129201,29252
1900-01-01 06:35:15,7947.5,69552,7948.0,1147359,57718
1900-01-01 06:35:30,7945.0,1685886,7945.5,217307,116628
1900-01-01 06:35:45,7945.0,2052038,7945.5,108337,37364
1900-01-01 06:36:00,7945.0,1951464,7945.5,133234,57367
1900-01-01 06:36:15,7945.0,1785060,7945.5,850321,95758
1900-01-01 06:36:30,7946.5,393651,7947.0,452065,99900
1900-01-01 06:36:45,7950.0,925696,7950.5,109532,232812
1900-01-01 06:37:00,7954.5,393852,7955.0,100281,470909
1900-01-01 06:37:15,7958.5,154352,7959.0,547091,568219
1900-01-01 06:37:30,7959.5,630674,7960.0,20719,369530
1900-01-01 06:37:45,7961.5,1500,7962.0,971736,229639
1900-01-01 06:38:00,7959.5,1500552,7960.0,416,378239
1900-01-01 06:38:15,7963.5,609971,7964.0,31099,24032
1900-01-01 06:38:30,7963.0,5988,7963.5,1099282,37562
1900-01-01 06:38:45,7961.5,519353,7962.0,54290,123814
1900-01-01 06:39:00,7961.5,582578,7962.0,148282,31911
1900-01-01 06:39:15,7961.5,66469,7962.0,547099,11726
1900-01-01 06:39:30,7961.5,77619,7962.0,512933,35340
1900-01-01 06:39:45,7961.5,59692,7962.0,4278089,5200
1900-01-01 06:40:00,7960.0,278348,7960.5,753296,2920
1900-01-01 06:40:15,7959.0,1518914,7959.5,25566,82711
1900-01-01 06:40:30,7965.0,1346959,7965.5,2729,529233
1900-01-01 06:40:45,7978.5,20000,7979.0,99555,164886
1900-01-01 06:41:00,7974.0,383072,7974.5,258633,565654
1900-01-01 06:41:15,7978.5,160140,7979.0,384973,50693
1900-01-01 06:41:30,7976.0,619584,7976.5,55518,268999
1900-01-01 06:41:45,7979.0,376396,7979.5,56882,50457
1900-01-01 06:42:00,7979.5,623826,7980.0,333,448735
1900-01-01 06:42:15,7984.0,15216,7984.5,1480257,219325
1900-01-01 06:42:30,7974.5,750791,7975.0,232716,86040
1900-01-01 06:42:45,7974.5,284186,7975.0,1230360,77032
1900-01-01 06:43:00,7970.0,447634,7970.5,530511,36132
1900-01-01 06:43:15,7965.5,415416,7966.0,96893,7400
1900-01-01 06:43:30,7968.0,878374,7968.5,11768,22394
1900-01-01 06:43:45,7972.5,163297,7973.0,653521,149981
1900-01-01 06:44:00,7970.5,584787,7971.0,226122,19694
1900-01-01 06:44:15,7970.5,700356,7971.0,37522,42416
1900-01-01 06:44:30,7973.0,736384,7973.5,55356,59726
1900-01-01 06:44:45,7973.0,530,7973.5,768342,161288
1900-01-01 06:45:00,7970.0,9100,7970.5,1530321,61562
1900-01-01 06:45:15,7966.0,43772,7966.5,633792,10842
1900-01-01 06:45:30,7966.0,38183,7966.5,323086,48124
1900-01-01 06:45:45,7965.5,28864,7966.0,473735,66744
1900-01-01 06:46:00,7965.0,598343,7965.5,635606,578
1900-01-01 06:46:15,7962.0,37881,7962.5,512088,5140
1900-01-01 06:46:30,7962.0,197596,7962.5,503610,59712
1900-01-01 06:46:45,7959.0,153681,7959.5,147514,4332
1900-01-01 06:47:00,7959.0,507892,7959.5,99907,32728
1900-01-01 06:47:15,7959.0,145472,7959.5,403423,32039
1900-01-01 06:47:30,7959.0,660724,7959.5,10025,22248
1900-01-01 06:47:45,7960.5,43625,7961.0,1072036,128452
1900-01-01 06:48:00,7959.0,576108,7959.5,121679,3468
1900-01-01 06:48:15,7959.0,21665,7959.5,701742,20652
1900-01-01 06:48:30,7958.0,661,7958.5,1200126,10500
1900-01-01 06:48:45,7955.0,508038,7955.5,61635,20516
1900-01-01 06:49:00,7958.0,151515,7958.5,648245,23013
1900-01-01 06:49:15,7960.5,288507,7961.0,428409,27826
1900-01-01 06:49:30,7960.5,78416,7961.0,1098545,10824
1900-01-01 06:49:45,7960.5,174832,7961.0,1070552,19250
1900-01-01 06:50:00,7960.5,277261,7961.0,889221,8398
1900-01-01 06:50:15,7960.5,458516,7961.0,558024,516
1900-01-01 06:50:30,7960.5,130518,7961.0,995117,88378
1900-01-01 06:50:45,7958.0,22123,7958.5,189154,400
1900-01-01 06:51:00,7957.0,669750,7957.5,22140,14640
1900-01-01 06:51:15,7957.0,690927,7957.5,81241,16184
1900-01-01 06:51:30,7957.0,1030581,7957.5,79590,5022
1900-01-01 06:51:45,7957.5,788877,7958.0,51744,6445
1900-01-01 06:52:00,7959.5,583687,7960.0,457116,152554
1900-01-01 06:52:15,7961.0,894169,7961.5,216142,377451
1900-01-01 06:52:30,7961.0,877486,7961.5,277941,123684
1900-01-01 06:52:45,7962.5,655233,7963.0,35092,33100
1900-01-01 06:53:00,7963.5,923185,7964.0,39497,150026
1900-01-01 06:53:15,7963.0,94319,7963.5,1167873,148282
1900-01-01 06:53:30,7960.0,863033,7960.5,390055,7277
1900-01-01 06:53:45,7960.0,634647,7960.5,264236,217456
1900-01-01 06:54:00,7960.0,810562,7960.5,343598,21624
1900-01-01 06:54:15,7960.0,520366,7960.5,911811,18
1900-01-01 06:54:30,7956.0,56281,7956.5,1293365,9922
1900-01-01 06:54:45,7955.5,323394,7956.0,750367,45000
1900-01-01 06:55:00,7949.0,873517,7949.5,251413,4082
1900-01-01 06:55:15,7949.0,523421,7949.5,90692,38486
1900-01-01 06:55:30,7951.5,292555,7952.0,426342,46207
1900-01-01 06:55:45,7951.5,259873,7952.0,447568,4439
1900-01-01 06:56:00,7948.5,248855,7949.0,441709,2356
1900-01-01 06:56:15,7948.5,48715,7949.0,1058388,5000
1900-01-01 06:56:30,7946.5,425291,7947.0,92201,100
1900-01-01 06:56:45,7946.5,887952,7947.0,279638,11010
1900-01-01 06:57:00,7946.5,870379,7947.0,89264,130274
1900-01-01 06:57:15,7946.5,952912,7947.0,37278,45993
1900-01-01 06:57:30,7947.5,714401,7948.0,17570,39406
1900-01-01 06:57:45,7947.5,451363,7948.0,92060,38798
1900-01-01 06:58:00,7947.5,616628,7948.0,79437,51623
1900-01-01 06:58:15,7949.0,216002,7949.5,625816,96716
1900-01-01 06:58:30,7947.5,611623,7948.0,82488,52416
1900-01-01 06:58:45,7947.5,354981,7948.0,3007398,47929
1900-01-01 06:59:00,7947.5,6308,7948.0,3057324,122500
1900-01-01 06:59:15,7946.5,221050,7947.0,658138,3078
1900-01-01 06:59:30,7945.5,147095,7946.0,1606953,0
1900-01-01 06:59:45,7945.0,70668,7945.5,1455849,33392
1900-01-01 07:00:00,7942.5,124812,7943.0,794827,52260
1900-01-01 07:00:15,7950.5,162141,7951.0,881240,1080682
1900-01-01 07:00:30,7947.5,104366,7948.0,721524,638317
1900-01-01 07:00:45,7947.5,136708,7948.0,709614,18680
1900-01-01 07:01:00,7947.0,225789,7947.5,1552812,15676
1900-01-01 07:01:15,7945.5,38547,7946.5,452432,102000
1900-01-01 07:01:30,7945.5,8869,7946.0,866672,3850
1900-01-01 07:01:45,7942.5,42524,7943.0,751259,3070
1900-01-01 07:02:00,7942.0,19477,7942.5,963032,56660
1900-01-01 07:02:15,7933.0,68152,7933.5,33790,99266
1900-01-01 07:02:30,7933.0,1222498,7933.5,37900,299221
1900-01-01 07:02:45,7934.5,34371,7935.0,766944,46288
1900-01-01 07:03:00,7932.5,600117,7933.0,158706,100664
1900-01-01 07:03:15,7935.0,82132,7935.5,3017,117142
1900-01-01 07:03:30,7936.5,285295,7937.0,295111,218804
1900-01-01 07:03:45,7936.5,367739,7937.0,633125,505
1900-01-01 07:04:00,7936.5,452301,7937.0,1170463,24527
1900-01-01 07:04:15,7936.5,360523,7937.0,1136042,27070
1900-01-01 07:04:30,7936.0,11252,7936.5,1266113,6650
1900-01-01 07:04:45,7934.0,26391,7934.5,911296,25724
1900-01-01 07:05:00,7932.0,413,7932.5,665675,31788
1900-01-01 07:05:15,7926.0,482930,7926.5,191179,9602
1900-01-01 07:05:30,7934.0,489388,7934.5,818596,121529
1900-01-01 07:05:45,7927.0,124894,7927.5,94866,18194
1900-01-01 07:06:00,7928.0,245428,7928.5,63986,24972
1900-01-01 07:06:15,7926.5,183162,7927.0,554942,343009
1900-01-01 07:06:30,7926.5,150346,7927.0,560943,231717
1900-01-01 07:06:45,7926.5,861243,7927.0,136100,61169
1900-01-01 07:07:00,7934.0,393775,7934.5,50354,194246
1900-01-01 07:07:15,7935.5,226,7936.0,127946,233260
1900-01-01 07:07:30,7935.0,522806,7935.5,179352,37480
1900-01-01 07:07:45,7938.5,305347,7939.0,630408,472648
1900-01-01 07:08:00,7942.5,384451,7943.0,97344,715622
1900-01-01 07:08:15,7944.5,285576,7945.0,496548,48700
1900-01-01 07:08:30,7945.0,713626,7945.5,289370,582441
1900-01-01 07:08:45,7945.0,626016,7945.5,6199,314921
1900-01-01 07:09:00,7947.5,479265,7948.0,309914,129762
1900-01-01 07:09:15,7949.0,251765,7949.5,474628,149840
1900-01-01 07:09:30,7949.0,296929,7949.5,603415,68196
1900-01-01 07:09:45,7949.0,91945,7949.5,1042853,210712
1900-01-01 07:10:00,7947.0,2652,7947.5,641363,84192
1900-01-01 07:10:15,7947.0,28418,7947.5,2433742,145756
1900-01-01 07:10:30,7945.0,32924,7945.5,538139,39572
1900-01-01 07:10:45,7942.5,121653,7943.0,432206,7852
1900-01-01 07:11:00,7942.5,52057,7943.0,463057,36670
1900-01-01 07:11:15,7942.0,104363,7942.5,973528,8117
1900-01-01 07:11:30,7939.5,68458,7940.0,547815,11500
1900-01-01 07:11:45,7939.5,779926,7940.0,152531,81717
1900-01-01 07:12:00,7939.5,972304,7940.0,242348,67655
1900-01-01 07:12:15,7939.5,618316,7940.0,611273,16639
1900-01-01 07:12:30,7944.5,758007,7945.0,64876,74697
1900-01-01 07:12:45,7945.0,817898,7945.5,56954,85985
1900-01-01 07:13:00,7949.5,1115113,7950.0,268879,623653
1900-01-01 07:13:15,7951.5,146802,7952.0,817321,336441
1900-01-01 07:13:30,7954.0,233820,7954.5,388396,68862
1900-01-01 07:13:45,7954.0,258132,7954.5,410050,127404
1900-01-01 07:14:00,7954.0,281613,7954.5,434950,17286
1900-01-01 07:14:15,7954.0,253734,7954.5,455508,24315
1900-01-01 07:14:30,7954.0,127847,7954.5,2291133,25000
1900-01-01 07:14:45,7954.5,576704,7955.0,249282,22489
1900-01-01 07:15:00,7954.5,1035713,7955.0,167143,172220
1900-01-01 07:15:15,7956.0,512881,7956.5,307197,134007
1900-01-01 07:15:30,7956.5,319232,7957.0,335757,28461
1900-01-01 07:15:45,7956.5,790536,7957.0,119430,35482
1900-01-01 07:16:00,7956.5,233607,7957.0,336331,46757
1900-01-01 07:16:15,7956.5,333214,7957.0,300808,190994
1900-01-01 07:16:30,7956.5,267769,7957.0,305299,26700
1900-01-01 07:16:45,7956.5,200518,7957.0,299406,2040
1900-01-01 07:17:00,7956.5,300302,7957.0,353781,84079
1900-01-01 07:17:15,7958.0,344135,7958.5,172203,341736
1900-01-01 07:17:30,7958.5,213983,7959.0,294926,184514
1900-01-01 07:17:45,7965.0,231179,7965.5,16199,69916
1900-01-01 07:18:00,7968.0,124117,7968.5,624574,403827
1900-01-01 07:18:15,7975.5,2705365,7976.0,10,596890
1900-01-01 07:18:30,7978.0,114000,7978.5,1710436,791262
1900-01-01 07:18:45,7978.0,390629,7978.5,402466,394018
1900-01-01 07:19:00,7979.5,1498966,7980.0,16979,481480
1900-01-01 07:19:15,7992.0,446486,7992.5,14665,1429878
1900-01-01 07:19:30,7992.5,448746,7993.0,540695,362260
1900-01-01 07:19:45,7990.5,55562,7991.0,215655,264914
1900-01-01 07:20:00,7988.0,1257918,7988.5,119555,263043
1900-01-01 07:20:15,7988.5,946420,7989.0,126729,191053
1900-01-01 07:20:30,7992.5,308745,7993.0,25594,476591
1900-01-01 07:20:45,8006.5,8963,8007.0,10555,1179107
1900-01-01 07:21:00,8008.5,381429,8009.5,215848,1226228
1900-01-01 07:21:15,8008.0,230240,8008.5,111217,2133302
1900-01-01 07:21:30,8002.5,734,8003.0,321650,260197
1900-01-01 07:21:45,7995.0,218850,7995.5,271727,888716
1900-01-01 07:22:00,8000.5,1870257,8001.0,487751,298048
1900-01-01 07:22:15,8000.5,2300583,8001.0,231713,130306
1900-01-01 07:22:30,8000.5,4146285,8001.0,240420,91185
1900-01-01 07:22:45,8005.5,312451,8006.0,87905,1096955
1900-01-01 07:23:00,7991.5,716065,7992.0,136325,138201
1900-01-01 07:23:15,7991.0,1342,7991.5,975135,274375
1900-01-01 07:23:30,7985.0,340338,7985.5,242608,92472
1900-01-01 07:23:45,7985.0,517346,7985.5,474040,44326
1900-01-01 07:24:00,7988.5,1100708,7989.0,126237,483735
1900-01-01 07:24:15,7986.0,642035,7986.5,268398,94890
1900-01-01 07:24:30,7986.0,389307,7986.5,330498,28425
1900-01-01 07:24:45,7986.0,195953,7986.5,134312,46416
1900-01-01 07:25:00,7982.5,374354,7983.0,227153,26960
1900-01-01 07:25:15,7979.0,13418,7980.0,519682,36504
1900-01-01 07:25:30,7971.0,935086,7971.5,605022,15650
1900-01-01 07:25:45,7971.0,608119,7971.5,695173,63559
1900-01-01 07:26:00,7971.5,38106,7972.0,10926,160017
1900-01-01 07:26:15,7974.5,295453,7975.0,273108,342856
1900-01-01 07:26:30,7974.5,166567,7975.0,408163,55890
1900-01-01 07:26:45,7967.0,358453,7967.5,228349,183206
1900-01-01 07:27:00,7966.5,33161,7967.0,776002,125762
1900-01-01 07:27:15,7967.5,543596,7968.0,148447,234566
1900-01-01 07:27:30,7974.5,95842,7975.0,401168,179981
1900-01-01 07:27:45,7972.5,8167,7973.0,596514,20106
1900-01-01 07:28:00,7971.0,67313,7971.5,306618,32456
1900-01-01 07:28:15,7970.5,124149,7971.0,381025,28322
1900-01-01 07:28:30,7970.5,52544,7971.0,516702,57508
1900-01-01 07:28:45,7966.0,722196,7966.5,366382,20564
1900-01-01 07:29:00,7966.0,46795,7966.5,627563,67045
1900-01-01 07:29:15,7966.0,634418,7966.5,58682,83076
1900-01-01 07:29:30,7969.5,649567,7970.0,241706,89054
1900-01-01 07:29:45,7974.0,533409,7974.5,114318,300317
1900-01-01 07:30:00,7974.0,546592,7974.5,188611,197631
1900-01-01 07:30:15,7975.5,832478,7976.0,130678,845856
1900-01-01 07:30:30,7978.5,712458,7979.0,120,375197
1900-01-01 07:30:45,7981.5,160593,7982.0,1122155,266649
1900-01-01 07:31:00,7981.0,3032,7981.5,1137202,69825
1900-01-01 07:31:15,7980.0,811088,7980.5,83079,38297
1900-01-01 07:31:30,7980.0,784117,7980.5,36930,46202
1900-01-01 07:31:45,7980.5,262783,7981.0,61879,39984
1900-01-01 07:32:00,7981.5,68835,7982.0,124046,55401
1900-01-01 07:32:15,7984.0,227862,7984.5,38444,182991
1900-01-01 07:32:30,7984.0,108179,7984.5,211539,53650
1900-01-01 07:32:45,7984.0,1111876,7984.5,13284,76905
1900-01-01 07:33:00,7989.5,326605,7990.0,284937,574004
1900-01-01 07:33:15,7991.5,711386,7992.0,181093,168693
1900-01-01 07:33:30,7994.0,218883,7994.5,9883,156882
1900-01-01 07:33:45,7989.5,478772,7990.0,885863,46965
1900-01-01 07:34:00,7988.0,34949,7988.5,1149467,131601
1900-01-01 07:34:15,7984.0,74966,7984.5,401827,20954
1900-01-01 07:34:30,7984.5,2726,7985.0,387244,77107
1900-01-01 07:34:45,7986.0,182873,7986.5,438555,30354
1900-01-01 07:35:00,7984.5,445530,7985.0,360924,13125
1900-01-01 07:35:15,7984.5,202970,7985.0,599581,15923
1900-01-01 07:35:30,7984.5,33179,7985.0,688920,1800
1900-01-01 07:35:45,7984.0,567435,7984.5,89974,48624
1900-01-01 07:36:00,7984.0,807824,7984.5,95133,43108
1900-01-01 07:36:15,7993.0,190555,7993.5,387384,588684
1900-01-01 07:36:30,8000.0,22774,8000.5,36697,1109280
1900-01-01 07:36:45,7994.0,85482,7994.5,300573,191516
1900-01-01 07:37:00,7975.5,818289,7976.0,122599,48183
1900-01-01 07:37:15,7985.0,2151,7985.5,440468,153930
1900-01-01 07:37:30,7982.0,62064,7982.5,571519,47750
1900-01-01 07:37:45,7981.5,175089,7982.0,528675,10649
1900-01-01 07:38:00,7981.5,808026,7982.0,346867,199126
1900-01-01 07:38:15,7985.0,768401,7985.5,20730,120269
1900-01-01 07:38:30,7986.5,428052,7987.0,470703,128650
1900-01-01 07:38:45,7987.0,151430,7987.5,463786,133539
1900-01-01 07:39:00,7987.0,96261,7987.5,711269,23914
1900-01-01 07:39:15,7982.5,50331,7983.0,894144,2501
1900-01-01 07:39:30,7979.5,35754,7980.0,1143833,9905
1900-01-01 07:39:45,7976.5,571135,7977.0,726965,11600
1900-01-01 07:40:00,7976.5,439453,7977.0,313091,65100
1900-01-01 07:40:15,7976.0,24765,7976.5,1170041,245432
1900-01-01 07:40:30,7969.5,61615,7970.0,872936,47136
1900-01-01 07:40:45,7968.0,6480,7968.5,625698,85428
1900-01-01 07:41:00,7965.0,1742295,7965.5,162231,74479
1900-01-01 07:41:15,7965.0,1520921,7965.5,124422,99147
1900-01-01 07:41:30,7974.0,138405,7974.5,979117,239323
1900-01-01 07:41:45,7974.0,226434,7974.5,412768,142734
1900-01-01 07:42:00,7974.5,1164674,7975.0,25550,163405
1900-01-01 07:42:15,7979.5,187787,7980.0,438475,236085
1900-01-01 07:42:30,7977.0,23595,7977.5,473758,145430
1900-01-01 07:42:45,7976.5,93998,7977.0,333817,27576
1900-01-01 07:43:00,7976.5,48667,7977.0,372361,18931
1900-01-01 07:43:15,7976.5,801348,7977.0,138586,11406
1900-01-01 07:43:30,7979.5,443545,7980.0,22256,162230
1900-01-01 07:43:45,7979.5,88076,7980.0,632909,17220
1900-01-01 07:44:00,7978.5,63568,7979.0,1343692,53412
