time,bid,bidSize,ask,askSize,buyMO,sellMO,buySellImb,orderImb,spread
1900-01-21 00:00:00,8202.5,37457,8203.0,150525,3150,23160,-20010,-113068,0.5
1900-01-21 00:00:15,8191.0,15314,8191.5,25702,91439,673000,-581561,-10388,0.5
1900-01-21 00:00:30,8189.0,1800166,8190.0,30867,211503,873269,-661766,1769299,1.0
1900-01-21 00:00:45,8192.5,430047,8193.0,452316,70292,132588,-62296,-22269,0.5
1900-01-21 00:01:00,8193.0,611123,8193.5,28228,272206,199993,72213,582895,0.5
1900-01-21 00:01:15,8183.0,29998,8183.5,197410,189189,370476,-181287,-167412,0.5
1900-01-21 00:01:30,8177.0,77420,8177.5,224818,23576,1551929,-1528353,-147398,0.5
1900-01-21 00:01:45,8165.5,8475,8166.0,103053,192780,4236258,-4043478,-94578,0.5
1900-01-21 00:02:00,8189.5,1450,8190.0,42780,3309241,975701,2333540,-41330,0.5
1900-01-21 00:02:15,8177.5,728095,8178.0,116111,379523,284338,95185,611984,0.5
1900-01-21 00:02:30,8179.0,21714,8179.5,216171,1051903,290810,761093,-194457,0.5
1900-01-21 00:02:45,8165.5,65900,8166.0,90630,162564,1336309,-1173745,-24730,0.5
1900-01-21 00:03:00,8150.0,394587,8151.5,16683,86004,2458234,-2372230,377904,1.5
1900-01-21 00:03:15,8143.0,20000,8147.5,28909,207127,4298580,-4091453,-8909,4.5
1900-01-21 00:03:30,8150.0,157328,8150.5,677602,1399804,671099,728705,-520274,0.5
1900-01-21 00:03:45,8161.5,58500,8162.0,487546,2582083,368448,2213635,-429046,0.5
1900-01-21 00:04:00,8157.0,288072,8157.5,418645,207402,412546,-205144,-130573,0.5
1900-01-21 00:04:15,8155.0,172844,8155.5,521649,416533,552335,-135802,-348805,0.5
1900-01-21 00:04:30,8148.5,9965,8149.0,739973,284114,820750,-536636,-730008,0.5
1900-01-21 00:04:45,8130.0,719372,8130.5,63661,257565,2819294,-2561729,655711,0.5
1900-01-21 00:05:00,8130.0,61494,8130.5,1624,146627,484846,-338219,59870,0.5
1900-01-21 00:05:15,8122.5,12000,8125.0,200,528968,1349005,-820037,11800,2.5
1900-01-21 00:05:30,8040.0,171295,8060.5,99160,36660,2495984,-2459324,72135,20.5
1900-01-21 00:05:45,8005.0,57644,8006.0,2450321,2175831,5801949,-3626118,-2392677,1.0
1900-01-21 00:06:00,7941.0,45312,7980.5,791705,5104464,6061304,-956840,-746393,39.5
1900-01-21 00:06:15,8027.5,3358,8028.0,764131,3713857,4123622,-409765,-760773,0.5
1900-01-21 00:06:30,8036.0,19690,8036.5,17326,3061334,1748421,1312913,2364,0.5
1900-01-21 00:06:45,8041.0,143920,8043.0,25338,1294104,849516,444588,118582,2.0
1900-01-21 00:07:00,8051.5,30913,8052.5,1186264,1948753,419942,1528811,-1155351,1.0
1900-01-21 00:07:15,8069.5,16000,8070.0,54288,1563323,415071,1148252,-38288,0.5
1900-01-21 00:07:30,8080.0,1051467,8080.5,678385,2390163,107445,2282718,373082,0.5
1900-01-21 00:07:45,8068.5,1510845,8069.0,27261,1320521,1947816,-627295,1483584,0.5
1900-01-21 00:08:00,8062.5,4,8063.0,8972,1753470,510996,1242474,-8968,0.5
1900-01-21 00:08:15,8085.5,56954,8086.0,97148,626846,307557,319289,-40194,0.5
1900-01-21 00:08:30,8073.0,21305,8073.5,53488,522264,998677,-476413,-32183,0.5
1900-01-21 00:08:45,8080.5,174373,8081.0,357306,753438,252738,500700,-182933,0.5
1900-01-21 00:09:00,8092.5,682897,8093.0,16727,1366399,341016,1025383,666170,0.5
1900-01-21 00:09:15,8094.0,98500,8094.5,21657,811800,227022,584778,76843,0.5
1900-01-21 00:09:30,8090.0,626032,8090.5,273802,421997,270288,151709,352230,0.5
1900-01-21 00:09:45,8091.5,6028,8093.0,7255,964983,487788,477195,-1227,1.5
1900-01-21 00:10:00,8090.0,24768,8090.5,16548,305472,147440,158032,8220,0.5
1900-01-21 00:10:15,8108.5,4925,8109.5,79547,1235430,658676,576754,-74622,1.0
1900-01-21 00:10:30,8109.5,10000,8110.5,48144,536223,184762,351461,-38144,1.0
1900-01-21 00:10:45,8115.5,924675,8116.0,20474,499720,120777,378943,904201,0.5
1900-01-21 00:11:00,8129.0,382049,8129.5,71502,769238,5194,764044,310547,0.5
1900-01-21 00:11:15,8125.5,57310,8126.0,76639,1394984,256588,1138396,-19329,0.5
1900-01-21 00:11:30,8125.5,761866,8126.0,237824,331026,264649,66377,524042,0.5
1900-01-21 00:11:45,8125.5,348894,8126.0,83351,1003372,505964,497408,265543,0.5
1900-01-21 00:12:00,8119.5,71958,8120.0,950,282691,1808416,-1525725,71008,0.5
1900-01-21 00:12:15,8113.0,330255,8113.5,340276,167004,1993897,-1826893,-10021,0.5
1900-01-21 00:12:30,8117.0,300339,8117.5,33021,238256,964826,-726570,267318,0.5
1900-01-21 00:12:45,8120.0,1388,8126.0,7500,274141,350716,-76575,-6112,6.0
1900-01-21 00:13:00,8121.5,765941,8122.0,10910,142215,108177,34038,755031,0.5
1900-01-21 00:13:15,8125.0,1047496,8125.5,26,247068,230032,17036,1047470,0.5
1900-01-21 00:13:30,8127.5,15793,8128.0,282670,294459,211102,83357,-266877,0.5
1900-01-21 00:13:45,8127.5,646,8128.0,471812,75301,315854,-240553,-471166,0.5
1900-01-21 00:14:00,8121.5,362699,8122.0,390911,69870,592987,-523117,-28212,0.5
1900-01-21 00:14:15,8113.5,44900,8114.0,12000,238940,765029,-526089,32900,0.5
1900-01-21 00:14:30,8105.0,1456234,8105.5,427512,91256,1479323,-1388067,1028722,0.5
1900-01-21 00:14:45,8101.5,68493,8102.0,294618,123374,2264734,-2141360,-226125,0.5
1900-01-21 00:15:00,8102.5,47980,8105.5,13990,445542,1109088,-663546,33990,3.0
1900-01-21 00:15:15,8115.5,1523580,8116.0,9549,478441,194146,284295,1514031,0.5
1900-01-21 00:15:30,8124.5,305668,8125.0,1075518,269923,206998,62925,-769850,0.5
1900-01-21 00:15:45,8120.0,277078,8120.5,50,267381,361123,-93742,277028,0.5
1900-01-21 00:16:00,8116.0,31576,8116.5,321210,258942,181292,77650,-289634,0.5
1900-01-21 00:16:15,8123.0,1719346,8123.5,14944,436327,159687,276640,1704402,0.5
1900-01-21 00:16:30,8123.0,605245,8123.5,162883,42328,522168,-479840,442362,0.5
1900-01-21 00:16:45,8123.0,73596,8123.5,610456,78262,342039,-263777,-536860,0.5
1900-01-21 00:17:00,8129.5,326625,8130.0,191285,501742,45794,455948,135340,0.5
1900-01-21 00:17:15,8130.0,900578,8130.5,145945,551765,88906,462859,754633,0.5
1900-01-21 00:17:30,8137.5,126752,8138.0,130299,591352,80660,510692,-3547,0.5
1900-01-21 00:17:45,8135.5,771703,8136.0,309668,198889,116715,82174,462035,0.5
1900-01-21 00:18:00,8138.0,914244,8138.5,270490,466921,218940,247981,643754,0.5
1900-01-21 00:18:15,8140.5,1659234,8141.0,16862,346134,38012,308122,1642372,0.5
1900-01-21 00:18:30,8135.0,61804,8135.5,361953,792385,327789,464596,-300149,0.5
1900-01-21 00:18:45,8130.0,286501,8130.5,428598,217419,306520,-89101,-142097,0.5
1900-01-21 00:19:00,8135.5,772813,8136.0,5532,85564,44456,41108,767281,0.5
1900-01-21 00:19:15,8135.5,45328,8136.0,187983,127886,151745,-23859,-142655,0.5
1900-01-21 00:19:30,8140.0,243266,8140.5,184495,102444,65772,36672,58771,0.5
1900-01-21 00:19:45,8132.5,188609,8133.0,679154,30945,173788,-142843,-490545,0.5
1900-01-21 00:20:00,8132.5,85086,8133.0,737458,12399,550862,-538463,-652372,0.5
1900-01-21 00:20:15,8128.0,1110438,8128.5,79709,39246,347900,-308654,1030729,0.5
1900-01-21 00:20:30,8129.0,20580,8129.5,58,164700,115274,49426,20522,0.5
1900-01-21 00:20:45,8127.5,16868,8128.0,422122,89068,44163,44905,-405254,0.5
1900-01-21 00:21:00,8125.5,160909,8126.0,448214,112352,145388,-33036,-287305,0.5
1900-01-21 00:21:15,8111.5,254035,8112.0,402578,266730,782418,-515688,-148543,0.5
1900-01-21 00:21:30,8120.5,661387,8121.0,74754,649760,116450,533310,586633,0.5
1900-01-21 00:21:45,8120.5,314434,8121.0,399258,48613,88431,-39818,-84824,0.5
1900-01-21 00:22:00,8120.0,32731,8120.5,685302,23570,274542,-250972,-652571,0.5
1900-01-21 00:22:15,8111.5,1258328,8112.0,336139,34568,298342,-263774,922189,0.5
1900-01-21 00:22:30,8111.5,4448,8112.0,683527,292418,514769,-222351,-679079,0.5
1900-01-21 00:22:45,8111.0,1264196,8111.5,144947,22697,46996,-24299,1119249,0.5
1900-01-21 00:23:00,8112.5,700216,8113.0,219049,258491,140106,118385,481167,0.5
1900-01-21 00:23:15,8114.5,907211,8115.0,194024,419423,327301,92122,713187,0.5
1900-01-21 00:23:30,8111.0,915765,8111.5,664271,46664,169850,-123186,251494,0.5
1900-01-21 00:23:45,8110.0,32320,8110.5,914637,12844,210472,-197628,-882317,0.5
1900-01-21 00:24:00,8090.0,1506308,8090.5,13972,2242,894577,-892335,1492336,0.5
1900-01-21 00:24:15,8098.5,119156,8099.0,115866,203135,1699486,-1496351,3290,0.5
1900-01-21 00:24:30,8103.5,582137,8104.0,305551,627726,88199,539527,276586,0.5
1900-01-21 00:24:45,8103.5,146043,8104.0,599995,196722,73992,122730,-453952,0.5
1900-01-21 00:25:00,8097.5,491403,8098.0,599134,46118,234756,-188638,-107731,0.5
1900-01-21 00:25:15,8094.0,38919,8094.5,714811,166893,198592,-31699,-675892,0.5
1900-01-21 00:25:30,8085.0,33269,8085.5,6800,271101,2388706,-2117605,26469,0.5
1900-01-21 00:25:45,8085.0,519571,8085.5,622603,404579,341627,62952,-103032,0.5
1900-01-21 00:26:00,8072.0,779237,8072.5,310780,397614,1049540,-651926,468457,0.5
1900-01-21 00:26:15,8071.5,16111,8072.0,153569,771904,332888,439016,-137458,0.5
1900-01-21 00:26:30,8060.0,348503,8060.5,5861,51421,1761412,-1709991,342642,0.5
1900-01-21 00:26:45,8053.5,713363,8054.0,101692,146770,1255968,-1109198,611671,0.5
1900-01-21 00:27:00,8065.5,42814,8066.0,69764,721254,3146339,-2425085,-26950,0.5
1900-01-21 00:27:15,8053.0,76432,8053.5,390242,169890,944588,-774698,-313810,0.5
1900-01-21 00:27:30,8040.0,75360,8040.5,93923,56124,876273,-820149,-18563,0.5
1900-01-21 00:27:45,8027.0,10050,8028.0,7742,900186,759415,140771,2308,1.0
1900-01-21 00:28:00,8039.5,386035,8040.0,14108,934585,341390,593195,371927,0.5
1900-01-21 00:28:15,8056.0,243488,8056.5,538829,961504,162919,798585,-295341,0.5
1900-01-21 00:28:30,8062.5,176984,8063.0,11038,1448408,280992,1167416,165946,0.5
1900-01-21 00:28:45,8060.0,434132,8060.5,427864,347357,234311,113046,6268,0.5
1900-01-21 00:29:00,8056.5,1323,8058.0,273885,283692,425764,-142072,-272562,1.5
1900-01-21 00:29:15,8049.5,161240,8050.0,96382,103402,312158,-208756,64858,0.5
1900-01-21 00:29:30,8035.5,22207,8036.0,20000,1121003,1204751,-83748,2207,0.5
1900-01-21 00:29:45,8043.5,166874,8044.0,1207133,516056,87683,428373,-1040259,0.5
1900-01-21 00:30:00,8038.5,22193,8039.0,672321,691089,583285,107804,-650128,0.5
1900-01-21 00:30:15,8022.0,10118,8022.5,174953,27263,784905,-757642,-164835,0.5
1900-01-21 00:30:30,8019.5,527048,8020.0,422467,1802637,556551,1246086,104581,0.5
1900-01-21 00:30:45,8028.5,1246270,8029.0,351537,228873,647827,-418954,894733,0.5
1900-01-21 00:31:00,8028.5,947533,8029.0,9802,641841,1504098,-862257,937731,0.5
1900-01-21 00:31:15,8046.5,77000,8047.0,11257,1223246,112715,1110531,65743,0.5
1900-01-21 00:31:30,8045.0,181213,8045.5,635116,339338,220092,119246,-453903,0.5
1900-01-21 00:31:45,8042.5,1183616,8043.0,981353,691419,222630,468789,202263,0.5
1900-01-21 00:32:00,8049.5,92475,8050.0,338051,458729,60709,398020,-245576,0.5
1900-01-21 00:32:15,8048.5,521858,8049.0,770281,415741,406504,9237,-248423,0.5
1900-01-21 00:32:30,8058.5,1489751,8059.0,852865,635325,54198,581127,636886,0.5
1900-01-21 00:32:45,8071.5,46748,8072.0,86164,1067109,108645,958464,-39416,0.5
1900-01-21 00:33:00,8060.0,25845,8060.5,276521,1389376,559821,829555,-250676,0.5
1900-01-21 00:33:15,8067.0,192621,8067.5,1395820,417479,235167,182312,-1203199,0.5
1900-01-21 00:33:30,8067.0,1096729,8067.5,447803,730456,173288,557168,648926,0.5
1900-01-21 00:33:45,8077.5,130936,8078.0,4745,861425,7094,854331,126191,0.5
1900-01-21 00:34:00,8083.5,2100,8084.0,3115302,751335,189658,561677,-3113202,0.5
1900-01-21 00:34:15,8079.5,442496,8080.0,735994,929589,358650,570939,-293498,0.5
1900-01-21 00:34:30,8099.5,353478,8100.0,47,1693892,135306,1558586,353431,0.5
1900-01-21 00:34:45,8098.5,31523,8099.0,637163,605073,182929,422144,-605640,0.5
1900-01-21 00:35:00,8092.0,9689,8092.5,516322,369877,438710,-68833,-506633,0.5
1900-01-21 00:35:15,8088.0,230562,8088.5,480603,38377,666626,-628249,-250041,0.5
1900-01-21 00:35:30,8070.0,1183462,8070.5,18636,1025010,2817463,-1792453,1164826,0.5
1900-01-21 00:35:45,8073.0,28521,8073.5,403976,286992,594284,-307292,-375455,0.5
1900-01-21 00:36:00,8064.0,951828,8064.5,623282,41879,196732,-154853,328546,0.5
1900-01-21 00:36:15,8079.5,837984,8080.0,829073,554171,194891,359280,8911,0.5
1900-01-21 00:36:30,8066.0,72978,8066.5,978129,156713,224404,-67691,-905151,0.5
1900-01-21 00:36:45,8064.0,680888,8064.5,376069,77339,449312,-371973,304819,0.5
1900-01-21 00:37:00,8061.0,96775,8061.5,677922,306362,185451,120911,-581147,0.5
1900-01-21 00:37:15,8050.0,45117,8050.5,205364,49560,228557,-178997,-160247,0.5
1900-01-21 00:37:30,8053.0,1994,8055.0,1205235,408968,644562,-235594,-1203241,2.0
1900-01-21 00:37:45,8047.0,7882,8047.5,820521,157275,154212,3063,-812639,0.5
1900-01-21 00:38:00,8053.5,533011,8054.0,36107,126852,272786,-145934,496904,0.5
1900-01-21 00:38:15,8046.5,1265,8047.0,22500,341346,168096,173250,-21235,0.5
1900-01-21 00:38:30,8052.0,886959,8052.5,75585,205946,167117,38829,811374,0.5
1900-01-21 00:38:45,8038.0,380059,8038.5,197234,170583,231097,-60514,182825,0.5
1900-01-21 00:39:00,8056.0,10020,8056.5,31674,1515466,351608,1163858,-21654,0.5
1900-01-21 00:39:15,8030.0,165090,8030.5,79578,195462,1529249,-1333787,85512,0.5
1900-01-21 00:39:30,8013.0,136631,8013.5,105630,569997,1969214,-1399217,31001,0.5
1900-01-21 00:39:45,7987.0,22,7987.5,284992,149121,3389539,-3240418,-284970,0.5
1900-01-21 00:40:00,7989.0,133868,7989.5,34400,330686,1476470,-1145784,99468,0.5
1900-01-21 00:40:15,7983.5,95939,7994.0,273623,1178699,1901587,-722888,-177684,10.5
1900-01-21 00:40:30,7974.0,106311,7974.5,1152732,636976,446534,190442,-1046421,0.5
1900-01-21 00:40:45,7956.0,1281156,7956.5,695066,158118,1210987,-1052869,586090,0.5
1900-01-21 00:41:00,7946.0,973,7946.5,15810,528485,3942951,-3414466,-14837,0.5
1900-01-21 00:41:15,7968.5,4000,7969.0,188970,872097,2793242,-1921145,-184970,0.5
1900-01-21 00:41:30,7963.0,368624,7963.5,358341,1024453,695567,328886,10283,0.5
1900-01-21 00:41:45,7975.0,328717,7975.5,30073,2088294,965835,1122459,298644,0.5
1900-01-21 00:42:00,7975.0,415277,7975.5,224296,1108751,2813300,-1704549,190981,0.5
1900-01-21 00:42:15,7970.0,204,7970.5,68152,797118,765652,31466,-67948,0.5
1900-01-21 00:42:30,7962.5,7628,7963.0,404892,445908,178146,267762,-397264,0.5
1900-01-21 00:42:45,7960.5,33573,7961.0,53000,564702,1509786,-945084,-19427,0.5
1900-01-21 00:43:00,7898.0,13625,7900.5,450,569099,4705077,-4135978,13175,2.5
1900-01-21 00:43:15,7874.5,4500,7875.0,970175,4227027,5784556,-1557529,-965675,0.5
1900-01-21 00:43:30,7907.0,161953,7914.0,17332,7354102,2495846,4858256,144621,7.0
1900-01-21 00:43:45,7914.0,915410,7914.5,67616,1150180,1730776,-580596,847794,0.5
1900-01-21 00:44:00,7922.5,1945,7923.0,227600,1912666,890344,1022322,-225655,0.5
1900-01-21 00:44:15,7907.0,178891,7907.5,359467,6478127,853038,5625089,-180576,0.5
1900-01-21 00:44:30,7895.0,51927,7895.5,67588,570461,677026,-106565,-15661,0.5
1900-01-21 00:44:45,7878.5,120597,7879.0,12400,502593,939728,-437135,108197,0.5
1900-01-21 00:45:00,7852.0,962398,7852.5,35750,673232,2639724,-1966492,926648,0.5
1900-01-21 00:45:15,7821.5,103100,7825.0,10000,1426410,5527089,-4100679,93100,3.5
1900-01-21 00:45:30,7855.0,165385,7855.5,9001,1521683,5584947,-4063264,156384,0.5
1900-01-21 00:45:45,7851.5,39105,7853.0,21500,3299484,2086238,1213246,17605,1.5
1900-01-21 00:46:00,7869.5,109734,7870.0,36831,1017394,664716,352678,72903,0.5
1900-01-21 00:46:15,7900.0,569194,7900.5,8046,1245667,274660,971007,561148,0.5
1900-01-21 00:46:30,7926.5,1758,7927.0,14900,1224676,3308100,-2083424,-13142,0.5
1900-01-21 00:46:45,7929.5,186143,7930.0,244786,1460153,334741,1125412,-58643,0.5
1900-01-21 00:47:00,7938.5,118272,7939.0,62033,948387,960670,-12283,56239,0.5
1900-01-21 00:47:15,7925.5,15246,7931.0,3705,539019,1238256,-699237,11541,5.5
1900-01-21 00:47:30,7922.0,121344,7922.5,7350,1131094,676270,454824,113994,0.5
1900-01-21 00:47:45,7929.5,208000,7930.0,558289,1972693,190179,1782514,-350289,0.5
1900-01-21 00:48:00,7929.0,442826,7929.5,257186,717983,936512,-218529,185640,0.5
1900-01-21 00:48:15,7926.5,58345,7927.0,38612,409390,428426,-19036,19733,0.5
1900-01-21 00:48:30,7934.5,735336,7935.0,37020,641882,78970,562912,698316,0.5
1900-01-21 00:48:45,7937.0,227695,7937.5,185057,1453719,216017,1237702,42638,0.5
1900-01-21 00:49:00,7936.0,17445,7936.5,182574,927200,371973,555227,-165129,0.5
1900-01-21 00:49:15,7921.5,18463,7924.0,1591,912161,1502085,-589924,16872,2.5
1900-01-21 00:49:30,7911.0,25811,7911.5,876937,556368,333400,222968,-851126,0.5
1900-01-21 00:49:45,7889.0,65818,7890.0,116936,720425,617430,102995,-51118,1.0
1900-01-21 00:50:00,7896.0,236903,7896.5,417277,1429626,1750211,-320585,-180374,0.5
1900-01-21 00:50:15,7908.5,32249,7909.5,9151,683766,360669,323097,23098,1.0
1900-01-21 00:50:30,7904.5,9331,7905.0,538174,932045,563436,368609,-528843,0.5
1900-01-21 00:50:45,7910.5,939767,7911.0,118881,646051,135968,510083,820886,0.5
1900-01-21 00:51:00,7924.5,19980,7925.0,351072,1359778,145523,1214255,-331092,0.5
1900-01-21 00:51:15,7907.5,1086,7908.0,7935,554254,158090,396164,-6849,0.5
1900-01-21 00:51:30,7924.5,84702,7925.0,137997,682765,619025,63740,-53295,0.5
1900-01-21 00:51:45,7909.0,823278,7909.5,64372,153600,388167,-234567,758906,0.5
1900-01-21 00:52:00,7921.0,372540,7921.5,246000,472551,291637,180914,126540,0.5
1900-01-21 00:52:15,7930.5,3500,7931.0,80091,350281,324095,26186,-76591,0.5
1900-01-21 00:52:30,7928.5,505497,7929.0,114103,187603,140275,47328,391394,0.5
1900-01-21 00:52:45,7939.5,275708,7940.0,142242,281666,385619,-103953,133466,0.5
1900-01-21 00:53:00,7949.5,393058,7950.0,546991,504047,19126,484921,-153933,0.5
1900-01-21 00:53:15,7963.5,13000,7964.0,18421,955493,102722,852771,-5421,0.5
1900-01-21 00:53:30,7959.0,36919,7960.5,857424,865494,374222,491272,-820505,1.5
1900-01-21 00:53:45,7946.0,19959,7946.5,537719,284539,544715,-260176,-517760,0.5
1900-01-21 00:54:00,7941.0,506321,7941.5,157418,243488,355296,-111808,348903,0.5
1900-01-21 00:54:15,7941.5,643200,7942.0,44246,153096,183853,-30757,598954,0.5
1900-01-21 00:54:30,7946.0,40845,7946.5,309298,156712,142108,14604,-268453,0.5
1900-01-21 00:54:45,7939.5,521207,7940.0,315402,451972,130889,321083,205805,0.5
1900-01-21 00:55:00,7940.0,83142,7940.5,284455,468562,333090,135472,-201313,0.5
1900-01-21 00:55:15,7935.0,151095,7935.5,412211,177595,862996,-685401,-261116,0.5
1900-01-21 00:55:30,7954.5,524422,7955.0,349603,1079972,60869,1019103,174819,0.5
1900-01-21 00:55:45,7945.0,108758,7945.5,679194,336143,155906,180237,-570436,0.5
1900-01-21 00:56:00,7949.5,1011418,7950.0,432819,396955,110346,286609,578599,0.5
1900-01-21 00:56:15,7955.5,37451,7956.0,474,343075,148389,194686,36977,0.5
1900-01-21 00:56:30,7953.5,669073,7954.0,76995,550670,98422,452248,592078,0.5
1900-01-21 00:56:45,7945.5,46854,7950.5,116775,120402,45712,74690,-69921,5.0
1900-01-21 00:57:00,7948.0,135557,7948.5,489911,87053,17360,69693,-354354,0.5
1900-01-21 00:57:15,7944.0,1383679,7944.5,668385,347111,1420077,-1072966,715294,0.5
1900-01-21 00:57:30,7931.0,142255,7931.5,1088865,325221,2070111,-1744890,-946610,0.5
1900-01-21 00:57:45,7941.0,576614,7941.5,89385,233542,320395,-86853,487229,0.5
1900-01-21 00:58:00,7936.0,9025,7936.5,585756,42022,196376,-154354,-576731,0.5
1900-01-21 00:58:15,7926.0,437039,7926.5,114285,61772,159470,-97698,322754,0.5
1900-01-21 00:58:30,7929.5,30302,7930.0,148755,696705,479389,217316,-118453,0.5
1900-01-21 00:58:45,7949.0,486576,7949.5,356725,341569,469036,-127467,129851,0.5
1900-01-21 00:59:00,7948.5,6441,7949.0,842908,75040,227927,-152887,-836467,0.5
1900-01-21 00:59:15,7944.5,64810,7945.0,639915,25246,49335,-24089,-575105,0.5
1900-01-21 00:59:30,7953.5,305286,7954.0,92663,425482,219336,206146,212623,0.5
1900-01-21 00:59:45,7948.0,369513,7948.5,225510,135054,276939,-141885,144003,0.5
1900-01-21 01:00:00,7948.0,212178,7948.5,567430,139384,202414,-63030,-355252,0.5
1900-01-21 01:00:15,7943.0,37390,7943.5,225040,61999,304665,-242666,-187650,0.5
1900-01-21 01:00:30,7925.5,40,7926.0,22472,74060,285848,-211788,-22432,0.5
1900-01-21 01:00:45,7915.0,38997,7915.5,86926,258094,1419420,-1161326,-47929,0.5
1900-01-21 01:01:00,7930.5,190374,7931.0,491607,327341,154470,172871,-301233,0.5
1900-01-21 01:01:15,7919.0,35863,7919.5,447415,145867,54896,90971,-411552,0.5
1900-01-21 01:01:30,7919.0,36102,7919.5,423327,292660,431358,-138698,-387225,0.5
1900-01-21 01:01:45,7895.0,538034,7895.5,23432,111751,1999425,-1887674,514602,0.5
1900-01-21 01:02:00,7916.0,55929,7916.5,474659,373712,232214,141498,-418730,0.5
1900-01-21 01:02:15,7886.0,2,7893.0,292891,622025,1709901,-1087876,-292889,7.0
1900-01-21 01:02:30,7883.5,4656,7884.0,68659,733430,480990,252440,-64003,0.5
1900-01-21 01:02:45,7893.5,57072,7894.0,6000,501995,129049,372946,51072,0.5
1900-01-21 01:03:00,7890.0,603570,7890.5,1031604,367430,880025,-512595,-428034,0.5
1900-01-21 01:03:15,7901.0,112088,7901.5,148999,1478921,282153,1196768,-36911,0.5
1900-01-21 01:03:30,7905.5,19943,7906.0,212071,446376,161899,284477,-192128,0.5
1900-01-21 01:03:45,7899.0,97830,7899.5,534398,199159,248427,-49268,-436568,0.5
1900-01-21 01:04:00,7897.5,32846,7898.0,7301,35680,186389,-150709,25545,0.5
1900-01-21 01:04:15,7895.5,365355,7896.0,644586,74921,456720,-381799,-279231,0.5
1900-01-21 01:04:30,7886.0,500008,7886.5,165437,87204,897325,-810121,334571,0.5
1900-01-21 01:04:45,7894.0,392210,7894.5,411999,306081,1032253,-726172,-19789,0.5
1900-01-21 01:05:00,7905.0,150065,7905.5,53841,125207,148806,-23599,96224,0.5
1900-01-21 01:05:15,7915.0,552053,7915.5,303436,664485,37406,627079,248617,0.5
1900-01-21 01:05:30,7918.5,485086,7919.0,33149,717202,1250597,-533395,451937,0.5
1900-01-21 01:05:45,7921.5,62662,7922.0,873226,380475,680161,-299686,-810564,0.5
1900-01-21 01:06:00,7914.0,55270,7914.5,992714,110868,109697,1171,-937444,0.5
1900-01-21 01:06:15,7910.0,74614,7910.5,646368,38881,194258,-155377,-571754,0.5
1900-01-21 01:06:30,7900.0,130671,7900.5,426725,76300,650676,-574376,-296054,0.5
1900-01-21 01:06:45,7897.5,251164,7898.0,339711,83617,152324,-68707,-88547,0.5
1900-01-21 01:07:00,7907.5,360554,7908.0,19114,255811,294755,-38944,341440,0.5
1900-01-21 01:07:15,7912.5,363686,7913.0,385704,305499,24388,281111,-22018,0.5
1900-01-21 01:07:30,7916.0,410411,7916.5,385154,647392,29651,617741,25257,0.5
1900-01-21 01:07:45,7918.5,2191267,7919.0,6035,497408,150256,347152,2185232,0.5
1900-01-21 01:08:00,7923.0,161233,7923.5,466053,362058,207250,154808,-304820,0.5
1900-01-21 01:08:15,7916.0,110134,7916.5,979844,143808,92919,50889,-869710,0.5
1900-01-21 01:08:30,7919.0,953917,7919.5,48522,66404,69470,-3066,905395,0.5
1900-01-21 06:11:15,8007.5,6106,8008.0,644175,1344,56578,-55234,-638069,0.5
1900-01-21 06:11:30,8005.5,448662,8006.0,691404,2820,25930,-23110,-242742,0.5
1900-01-21 06:11:45,8005.5,576546,8006.0,474582,57272,21010,36262,101964,0.5
1900-01-21 06:12:00,8005.5,1105621,8006.0,23857,161992,31200,130792,1081764,0.5
1900-01-21 06:12:15,8008.5,887088,8009.0,136787,146491,14596,131895,750301,0.5
1900-01-21 06:12:30,8009.5,959152,8010.0,340142,62246,2260,59986,619010,0.5
1900-01-21 06:12:45,8009.5,643631,8010.0,601449,39744,26022,13722,42182,0.5
1900-01-21 06:13:00,8009.5,735850,8010.0,616041,1220,161,1059,119809,0.5
1900-01-21 06:13:15,8009.5,831561,8010.0,678018,20004,12000,8004,153543,0.5
1900-01-21 06:13:30,8009.5,754745,8010.0,678117,20004,9759,10245,76628,0.5
1900-01-21 06:13:45,8009.5,681142,8010.0,702320,10052,20713,-10661,-21178,0.5
1900-01-21 06:14:00,8008.0,741,8008.5,1011537,64000,66184,-2184,-1010796,0.5
1900-01-21 06:14:15,8006.5,18101,8007.0,881026,220,28603,-28383,-862925,0.5
1900-01-21 06:14:30,8006.0,1270336,8006.5,621689,67400,149783,-82383,648647,0.5
1900-01-21 06:14:45,8006.0,1848745,8006.5,47877,258967,17638,241329,1800868,0.5
1900-01-21 06:15:00,8006.0,1767193,8006.5,138974,22886,11500,11386,1628219,0.5
1900-01-21 06:15:15,8008.0,225613,8008.5,641654,155406,27846,127560,-416041,0.5
1900-01-21 06:15:30,8008.0,747369,8008.5,204382,1260,46160,-44900,542987,0.5
1900-01-21 06:15:45,8005.5,73201,8006.0,768285,25240,211205,-185965,-695084,0.5
1900-01-21 06:16:00,8005.0,815727,8005.5,303329,143912,105964,37948,512398,0.5
1900-01-21 06:16:15,8008.0,928114,8008.5,24885,29553,86290,-56737,903229,0.5
1900-01-21 06:16:30,8008.0,651416,8008.5,42609,115378,6600,108778,608807,0.5
1900-01-21 06:16:45,8009.0,1071580,8009.5,63165,21158,7200,13958,1008415,0.5
1900-01-21 06:17:00,8009.5,1586439,8010.0,373955,303648,1062,302586,1212484,0.5
1900-01-21 06:17:15,8014.0,994932,8014.5,62719,521142,200,520942,932213,0.5
1900-01-21 06:17:30,8014.5,1280634,8015.0,538370,54672,16518,38154,742264,0.5
1900-01-21 06:17:45,8014.5,263981,8015.0,744198,96049,29452,66597,-480217,0.5
1900-01-21 06:18:00,8014.5,714091,8015.0,712642,1082,13023,-11941,1449,0.5
1900-01-21 06:18:15,8014.5,907008,8015.0,702032,60327,2688,57639,204976,0.5
1900-01-21 06:18:30,8014.5,664769,8015.0,744778,11000,4618,6382,-80009,0.5
1900-01-21 06:18:45,8014.5,515205,8015.0,384896,135024,34476,100548,130309,0.5
1900-01-21 06:19:00,8014.5,567770,8015.0,305362,100618,127128,-26510,262408,0.5
1900-01-21 06:19:15,8014.5,602458,8015.0,584516,86735,5870,80865,17942,0.5
1900-01-21 06:19:30,8014.5,3350,8015.0,405091,5642,663612,-657970,-401741,0.5
1900-01-21 06:19:45,8009.0,14645,8009.5,183735,1124,163570,-162446,-169090,0.5
1900-01-21 06:20:00,8008.0,1294588,8008.5,17146,28977,21045,7932,1277442,0.5
1900-01-21 06:20:15,8009.5,1119642,8010.0,470,55169,1513,53656,1119172,0.5
1900-01-21 06:20:30,8014.0,817509,8014.5,48921,24052,30186,-6134,768588,0.5
1900-01-21 06:20:45,8014.0,12205,8014.5,573749,5372,33252,-27880,-561544,0.5
1900-01-21 06:21:00,8011.0,99515,8011.5,125521,52,38203,-38151,-26006,0.5
1900-01-21 06:21:15,8009.5,45422,8010.0,249291,45002,91719,-46717,-203869,0.5
1900-01-21 06:21:30,8009.0,28758,8009.5,250621,17242,33933,-16691,-221863,0.5
1900-01-21 06:21:45,8009.0,90698,8009.5,501736,2926,34140,-31214,-411038,0.5
1900-01-21 06:22:00,8009.0,32199,8009.5,653193,4000,41224,-37224,-620994,0.5
1900-01-21 06:22:15,8007.0,339597,8007.5,329998,5058,100214,-95156,9599,0.5
1900-01-21 06:22:30,8005.0,148837,8005.5,288537,13606,222241,-208635,-139700,0.5
1900-01-21 06:22:45,8005.0,847897,8005.5,34024,73683,248123,-174440,813873,0.5
1900-01-21 06:23:00,8005.0,330975,8005.5,943138,78579,361910,-283331,-612163,0.5
1900-01-21 06:23:15,8004.5,181104,8005.0,889541,28342,317398,-289056,-708437,0.5
1900-01-21 06:23:30,8001.0,38974,8001.5,558574,1602,497959,-496357,-519600,0.5
1900-01-21 06:23:45,8001.0,440222,8001.5,177920,60174,61910,-1736,262302,0.5
1900-01-21 06:24:00,8005.0,562961,8005.5,30271,143602,165142,-21540,532690,0.5
1900-01-21 06:24:15,8009.0,374187,8009.5,582440,25493,82368,-56875,-208253,0.5
1900-01-21 06:24:30,8004.5,154,8005.0,1004899,56,14819,-14763,-1004745,0.5
1900-01-21 06:24:45,8000.0,185427,8000.5,203633,3412,78863,-75451,-18206,0.5
1900-01-21 06:25:00,7996.5,606583,7997.0,135257,42520,202696,-160176,471326,0.5
1900-01-21 06:25:15,8004.5,497636,8005.0,265875,173486,58292,115194,231761,0.5
1900-01-21 06:25:30,8004.5,29232,8005.0,997642,10400,174389,-163989,-968410,0.5
1900-01-21 06:25:45,8004.5,52015,8005.0,856024,72413,19864,52549,-804009,0.5
1900-01-21 06:26:00,8004.5,714032,8005.0,44094,265431,32487,232944,669938,0.5
1900-01-21 06:26:15,8004.5,77840,8005.0,824369,14369,108554,-94185,-746529,0.5
1900-01-21 06:26:30,8004.0,49941,8004.5,914823,2102,55489,-53387,-864882,0.5
1900-01-21 06:26:45,8004.0,34036,8004.5,1215909,102332,58515,43817,-1181873,0.5
1900-01-21 06:27:00,7997.5,168121,7998.0,639670,8608,19987,-11379,-471549,0.5
1900-01-21 06:27:15,7997.5,573884,7998.0,471299,18592,212498,-193906,102585,0.5
1900-01-21 06:27:30,7994.0,770630,7994.5,141241,17708,118281,-100573,629389,0.5
1900-01-21 06:27:45,7998.0,104797,7998.5,848797,42112,29976,12136,-744000,0.5
1900-01-21 06:28:00,7997.5,2145,7998.0,1155387,6464,95853,-89389,-1153242,0.5
1900-01-21 06:28:15,7991.0,73923,7991.5,788815,6068,126478,-120410,-714892,0.5
1900-01-21 06:28:30,7981.0,55508,7981.5,847179,10556,488573,-478017,-791671,0.5
1900-01-21 06:28:45,7988.0,1287115,7988.5,32225,163894,282263,-118369,1254890,0.5
1900-01-21 06:29:00,7987.0,2913,7987.5,930073,47910,357930,-310020,-927160,0.5
1900-01-21 06:29:15,7985.0,567647,7985.5,196419,18782,73351,-54569,371228,0.5
1900-01-21 06:29:30,7985.0,15767,7985.5,978783,249129,60203,188926,-963016,0.5
1900-01-21 06:29:45,7978.0,47126,7978.5,415604,4531,122250,-117719,-368478,0.5
1900-01-21 06:30:00,7973.0,37718,7973.5,1292487,21528,1188089,-1166561,-1254769,0.5
1900-01-21 06:30:15,7950.5,104999,7951.0,3080,213307,1333824,-1120517,101919,0.5
1900-01-21 06:30:30,7968.5,69217,7969.0,931159,552029,133361,418668,-861942,0.5
1900-01-21 06:30:45,7962.0,50,7962.5,1284521,227444,82669,144775,-1284471,0.5
1900-01-21 06:31:00,7958.0,662324,7958.5,6948,337021,292782,44239,655376,0.5
1900-01-21 06:31:15,7968.5,559504,7969.0,62516,458370,105482,352888,496988,0.5
1900-01-21 06:31:30,7965.5,2025,7966.0,678613,121214,133368,-12154,-676588,0.5
1900-01-21 06:31:45,7968.0,616313,7968.5,61568,180267,82972,97295,554745,0.5
1900-01-21 06:32:00,7951.5,73828,7952.0,23752,335469,309586,25883,50076,0.5
1900-01-21 06:32:15,7953.0,353557,7953.5,432836,62927,376151,-313224,-79279,0.5
1900-01-21 06:32:30,7942.0,10842,7942.5,454793,93168,887437,-794269,-443951,0.5
1900-01-21 06:32:45,7942.5,68636,7943.0,29594,233671,878042,-644371,39042,0.5
1900-01-21 06:33:00,7955.0,70201,7955.5,1400,414180,77429,336751,68801,0.5
1900-01-21 06:33:15,7945.0,43170,7945.5,527578,149543,175435,-25892,-484408,0.5
1900-01-21 06:33:30,7949.0,258182,7949.5,13916,127902,45139,82763,244266,0.5
1900-01-21 06:33:45,7941.0,62881,7941.5,558621,259994,80319,179675,-495740,0.5
1900-01-21 06:34:00,7943.5,994396,7944.0,483,101014,193360,-92346,993913,0.5
1900-01-21 06:34:15,7949.0,153617,7949.5,612368,459302,72039,387263,-458751,0.5
1900-01-21 06:34:30,7949.5,726719,7950.0,342649,270238,288568,-18330,384070,0.5
1900-01-21 06:34:45,7953.5,917195,7954.0,184557,335387,22305,313082,732638,0.5
1900-01-21 06:35:00,7954.0,7738,7954.5,3012,331823,12400,319423,4726,0.5
1900-01-21 06:35:15,7953.5,26392,7954.0,187082,329018,384972,-55954,-160690,0.5
1900-01-21 06:35:30,7961.0,224431,7961.5,531338,697456,186696,510760,-306907,0.5
1900-01-21 06:35:45,7962.0,689562,7962.5,72213,116392,50911,65481,617349,0.5
1900-01-21 06:36:00,7966.0,82638,7966.5,469682,134235,96593,37642,-387044,0.5
1900-01-21 06:36:15,7968.0,1043331,7968.5,6931,59325,250373,-191048,1036400,0.5
1900-01-21 06:36:30,7968.5,28899,7969.0,875692,95600,138840,-43240,-846793,0.5
1900-01-21 06:36:45,7968.5,595512,7969.0,140075,136143,31908,104235,455437,0.5
1900-01-21 06:37:00,7968.5,90136,7969.0,602939,36692,53034,-16342,-512803,0.5
1900-01-21 06:37:15,7964.5,2767,7965.0,635872,55009,219180,-164171,-633105,0.5
1900-01-21 06:37:30,7964.5,30320,7965.0,398696,71821,143505,-71684,-368376,0.5
1900-01-21 06:37:45,7960.5,50263,7961.0,511000,72,50082,-50010,-460737,0.5
1900-01-21 06:38:00,7957.0,807156,7957.5,120551,44006,448916,-404910,686605,0.5
1900-01-21 06:38:15,7960.5,45851,7961.0,910573,332620,43064,289556,-864722,0.5
1900-01-21 06:38:30,7956.0,873474,7956.5,32838,108868,101399,7469,840636,0.5
1900-01-21 06:38:45,7959.5,866927,7960.0,56201,7728,39900,-32172,810726,0.5
1900-01-21 06:39:00,7963.0,48240,7963.5,788622,79072,84940,-5868,-740382,0.5
1900-01-21 06:39:15,7964.0,718461,7964.5,401,52867,14954,37913,718060,0.5
1900-01-21 06:39:30,7971.5,38439,7972.0,447676,199451,22502,176949,-409237,0.5
1900-01-21 06:39:45,7971.5,363414,7972.0,122407,26623,15601,11022,241007,0.5
1900-01-21 06:40:00,7971.5,881899,7972.0,77857,39223,22844,16379,804042,0.5
1900-01-21 06:40:15,7974.5,1042282,7975.0,54411,99299,20956,78343,987871,0.5
1900-01-21 06:40:30,7982.0,658925,7982.5,431911,220151,5052,215099,227014,0.5
1900-01-21 06:40:45,7979.5,701378,7980.0,353208,77660,16298,61362,348170,0.5
1900-01-21 06:41:00,7974.0,118,7974.5,522812,101562,34332,67230,-522694,0.5
1900-01-21 06:41:15,7971.0,1917,7971.5,845135,13582,147366,-133784,-843218,0.5
1900-01-21 06:41:30,7979.5,438991,7980.0,79839,409476,25910,383566,359152,0.5
1900-01-21 06:41:45,7975.0,179847,7975.5,440972,63668,63454,214,-261125,0.5
1900-01-21 06:42:00,7982.5,150221,7983.0,768345,91533,27464,64069,-618124,0.5
1900-01-21 06:42:15,7981.0,693166,7981.5,87273,126860,38632,88228,605893,0.5
1900-01-21 06:42:30,7969.5,3211,7970.0,103750,101737,578095,-476358,-100539,0.5
1900-01-21 06:42:45,7972.5,527365,7973.0,390071,388856,95102,293754,137294,0.5
1900-01-21 06:43:00,7959.5,452823,7960.0,271833,21100,326419,-305319,180990,0.5
1900-01-21 06:43:15,7972.5,262871,7973.0,799631,338986,71050,267936,-536760,0.5
1900-01-21 06:43:30,7962.5,670012,7963.0,152030,22532,338891,-316359,517982,0.5
1900-01-21 06:43:45,7968.5,821722,7969.0,37297,77416,12637,64779,784425,0.5
1900-01-21 06:44:00,7965.5,15216,7966.0,153887,19075,165524,-146449,-138671,0.5
1900-01-21 06:44:15,7964.5,942591,7965.0,4027,15642,158630,-142988,938564,0.5
1900-01-21 06:44:30,7962.5,11822,7963.0,426628,18350,24772,-6422,-414806,0.5
1900-01-21 06:44:45,7967.0,184696,7967.5,729977,45210,64046,-18836,-545281,0.5
1900-01-21 06:45:00,7964.5,522294,7965.0,339,5278,79557,-74279,521955,0.5
1900-01-21 06:45:15,7964.5,111035,7965.0,764966,12370,34252,-21882,-653931,0.5
1900-01-21 06:45:30,7966.5,149147,7967.0,982915,36489,56522,-20033,-833768,0.5
1900-01-21 06:45:45,7961.5,133,7962.0,739257,22802,74053,-51251,-739124,0.5
1900-01-21 06:46:00,7960.0,344389,7960.5,208982,12142,6016,6126,135407,0.5
1900-01-21 06:46:15,7965.5,276677,7966.0,8393,119397,26856,92541,268284,0.5
1900-01-21 06:46:30,7965.5,270132,7966.0,22884,135532,16004,119528,247248,0.5
1900-01-21 06:46:45,7972.5,188224,7973.0,1020149,398739,3660,395079,-831925,0.5
1900-01-21 06:47:00,7972.5,725,7973.0,1062912,66881,139011,-72130,-1062187,0.5
1900-01-21 06:47:15,7963.5,1517,7964.0,1027176,22052,81408,-59356,-1025659,0.5
1900-01-21 06:47:30,7963.0,106356,7963.5,579353,200,82089,-81889,-472997,0.5
1900-01-21 06:47:45,7959.0,175214,7959.5,439387,335366,252122,83244,-264173,0.5
1900-01-21 06:48:00,7956.5,149720,7957.0,376894,40009,23782,16227,-227174,0.5
1900-01-21 06:48:15,7958.5,234016,7959.0,617898,23029,17234,5795,-383882,0.5
1900-01-21 06:48:30,7956.5,101743,7957.0,714351,19672,79467,-59795,-612608,0.5
1900-01-21 06:48:45,7953.0,34720,7953.5,895076,46229,288041,-241812,-860356,0.5
1900-01-21 06:49:00,7949.5,401493,7950.0,239334,358080,329403,28677,162159,0.5
1900-01-21 06:49:15,7949.5,193214,7950.0,675389,90200,191018,-100818,-482175,0.5
1900-01-21 06:49:30,7949.0,1636,7949.5,650078,31050,213576,-182526,-648442,0.5
1900-01-21 06:49:45,7913.0,42335,7937.0,7322,212736,298514,-85778,35013,24.0
1900-01-21 06:50:00,7915.5,48000,7916.0,13000,362234,1019971,-657737,35000,0.5
1900-01-21 06:50:15,7899.5,75739,7900.0,38110,1223387,1579482,-356095,37629,0.5
1900-01-21 06:50:30,7899.5,703226,7900.0,117273,4435912,329999,4105913,585953,0.5
1900-01-21 06:50:45,7910.5,32592,7911.0,463589,659185,193724,465461,-430997,0.5
1900-01-21 06:51:00,7899.0,147993,7899.5,787021,449305,343696,105609,-639028,0.5
1900-01-21 06:51:15,7872.5,9170,7873.0,185555,313046,2008673,-1695627,-176385,0.5
1900-01-21 06:51:30,7870.0,268998,7870.5,354819,2378481,3585071,-1206590,-85821,0.5
1900-01-21 06:51:45,7875.0,342957,7875.5,31900,549588,855247,-305659,311057,0.5
1900-01-21 06:52:00,7865.0,209248,7865.5,765871,771962,2386628,-1614666,-556623,0.5
1900-01-21 06:52:15,7874.5,644329,7875.0,604524,2002430,384465,1617965,39805,0.5
1900-01-21 06:52:30,7881.0,1278604,7881.5,341838,1329078,144892,1184186,936766,0.5
1900-01-21 06:52:45,7880.5,35375,7881.0,915085,1277792,531383,746409,-879710,0.5
1900-01-21 06:53:00,7884.5,433398,7885.0,195834,609519,508295,101224,237564,0.5
1900-01-21 06:53:15,7889.0,1023838,7889.5,238041,1133254,79212,1054042,785797,0.5
1900-01-21 06:53:30,7891.5,1435122,7892.5,229403,1176342,25672,1150670,1205719,1.0
1900-01-21 06:53:45,7893.0,1055435,7893.5,7978,371170,178686,192484,1047457,0.5
1900-01-21 06:54:00,7890.0,237966,7890.5,1005141,563464,451519,111945,-767175,0.5
1900-01-21 06:54:15,7885.5,78996,7886.0,554399,50754,530633,-479879,-475403,0.5
1900-01-21 06:54:30,7895.5,38615,7896.0,1621,640483,152905,487578,36994,0.5
1900-01-21 06:54:45,7896.5,793409,7897.0,367232,449277,51276,398001,426177,0.5
1900-01-21 06:55:00,7896.5,918832,7897.0,30019,596205,166130,430075,888813,0.5
1900-01-21 06:55:15,7881.5,33917,7882.0,48645,25719,389026,-363307,-14728,0.5
1900-01-21 06:55:30,7886.5,1143004,7887.0,45534,96985,64498,32487,1097470,0.5
1900-01-21 06:55:45,7893.5,497968,7894.0,36106,134872,20318,114554,461862,0.5
1900-01-21 06:56:00,7899.0,725314,7899.5,251640,934461,33096,901365,473674,0.5
1900-01-21 06:56:15,7899.0,155726,7899.5,448379,208101,107341,100760,-292653,0.5
1900-01-21 06:56:30,7895.0,158079,7895.5,443998,259687,163827,95860,-285919,0.5
1900-01-21 06:56:45,7879.0,1148480,7879.5,50557,258495,717051,-458556,1097923,0.5
1900-01-21 06:57:00,7889.0,606115,7889.5,64563,1210707,50945,1159762,541552,0.5
1900-01-21 06:57:15,7885.5,159120,7886.0,979333,36558,1877671,-1841113,-820213,0.5
1900-01-21 06:57:30,7867.0,26115,7867.5,218485,58873,510610,-451737,-192370,0.5
1900-01-21 06:57:45,7875.5,628359,7876.0,22783,595511,620416,-24905,605576,0.5
1900-01-21 06:58:00,7882.5,5475,7883.0,141159,158210,135830,22380,-135684,0.5
1900-01-21 06:58:15,7894.0,43300,7894.5,1737,559741,222516,337225,41563,0.5
1900-01-21 06:58:30,7885.0,40558,7885.5,58426,534281,288164,246117,-17868,0.5
1900-01-21 06:58:45,7899.0,440150,7899.5,318663,1105258,87755,1017503,121487,0.5
1900-01-21 06:59:00,7892.5,525,7895.0,90082,212212,256238,-44026,-89557,2.5
1900-01-21 06:59:15,7898.5,327518,7899.0,5851,436950,79655,357295,321667,0.5
1900-01-21 06:59:30,7898.5,58352,7899.0,965020,694666,97567,597099,-906668,0.5
1900-01-21 06:59:45,7899.5,742795,7900.0,5943,338984,17056,321928,736852,0.5
1900-01-21 07:00:00,7906.0,439272,7906.5,473178,862162,78094,784068,-33906,0.5
1900-01-21 07:00:15,7899.0,585916,7899.5,219870,218024,243563,-25539,366046,0.5
1900-01-21 07:00:30,7909.5,1161934,7910.0,18656,231026,153064,77962,1143278,0.5
1900-01-21 07:00:45,7913.5,212644,7914.0,322296,749196,32626,716570,-109652,0.5
1900-01-21 07:01:00,7912.5,654018,7913.0,112028,138252,23844,114408,541990,0.5
1900-01-21 07:01:15,7917.0,2097,7917.5,519017,208482,145142,63340,-516920,0.5
1900-01-21 07:01:30,7917.5,1407474,7918.0,154855,363670,76679,286991,1252619,0.5
1900-01-21 07:01:45,7924.0,772391,7924.5,85132,260656,31644,229012,687259,0.5
1900-01-21 07:02:00,7927.5,350806,7928.0,157042,456954,88876,368078,193764,0.5
1900-01-21 07:02:15,7917.5,488123,7918.0,10000,237347,375192,-137845,478123,0.5
1900-01-21 07:02:30,7924.5,433380,7925.0,151577,93665,375610,-281945,281803,0.5
1900-01-21 07:02:45,7924.0,4196,7924.5,880006,98120,420470,-322350,-875810,0.5
1900-01-21 07:03:00,7921.0,435288,7921.5,479668,56264,120377,-64113,-44380,0.5
1900-01-21 07:03:15,7921.0,249141,7921.5,749466,53046,65847,-12801,-500325,0.5
1900-01-21 07:03:30,7920.0,799419,7920.5,306768,51262,84408,-33146,492651,0.5
1900-01-21 07:03:45,7920.0,539416,7920.5,288997,126884,29502,97382,250419,0.5
1900-01-21 07:04:00,7922.0,1221297,7922.5,13394,510391,27982,482409,1207903,0.5
1900-01-21 07:04:15,7922.0,411517,7922.5,425625,180240,133264,46976,-14108,0.5
1900-01-21 07:04:30,7922.0,218290,7922.5,666095,75469,154572,-79103,-447805,0.5
1900-01-21 07:04:45,7922.0,711853,7922.5,142621,181348,13198,168150,569232,0.5
1900-01-21 07:05:00,7924.5,1099740,7925.0,271878,278717,78244,200473,827862,0.5
1900-01-21 07:05:15,7925.5,298089,7926.0,143652,273574,18664,254910,154437,0.5
1900-01-21 07:05:30,7922.5,1102889,7923.0,102405,33747,267144,-233397,1000484,0.5
1900-01-21 07:05:45,7924.5,1033407,7925.0,5525,215653,3818,211835,1027882,0.5
1900-01-21 07:06:00,7924.5,299867,7925.0,735953,25648,5879,19769,-436086,0.5
1900-01-21 07:06:15,7924.5,347811,7925.0,1049798,28610,13146,15464,-701987,0.5
1900-01-21 07:06:30,7919.0,10916,7919.5,493102,30384,533798,-503414,-482186,0.5
1900-01-21 07:06:45,7918.5,755659,7919.0,274505,139185,44780,94405,481154,0.5
1900-01-21 07:07:00,7918.5,756717,7919.0,326431,106526,98222,8304,430286,0.5
1900-01-21 07:07:15,7918.5,140778,7919.0,683310,92962,52516,40446,-542532,0.5
1900-01-21 07:07:30,7918.5,87794,7919.0,748857,4488,130940,-126452,-661063,0.5
1900-01-21 07:07:45,7917.5,23904,7918.0,915681,36360,391210,-354850,-891777,0.5
1900-01-21 07:08:00,7915.5,19649,7916.0,855291,65558,88542,-22984,-835642,0.5
1900-01-21 07:08:15,7914.5,54363,7915.0,821080,33904,177850,-143946,-766717,0.5
1900-01-21 07:08:30,7903.0,47509,7903.5,389261,6516,758304,-751788,-341752,0.5
1900-01-21 07:08:45,7913.0,654602,7913.5,327776,149271,367037,-217766,326826,0.5
1900-01-21 07:09:00,7902.0,340442,7902.5,550715,30932,501567,-470635,-210273,0.5
1900-01-21 07:09:15,7887.5,37768,7888.0,101291,20190,328427,-308237,-63523,0.5
1900-01-21 07:09:30,7890.0,579504,7890.5,29312,161723,409001,-247278,550192,0.5
1900-01-21 07:09:45,7891.5,4648,7892.0,580805,384202,209362,174840,-576157,0.5
1900-01-21 07:10:00,7885.5,189407,7886.0,5491,85734,135075,-49341,183916,0.5
1900-01-21 07:10:15,7893.0,623943,7893.5,123551,214876,107613,107263,500392,0.5
1900-01-21 07:10:30,7886.5,11331,7887.0,741795,231118,186816,44302,-730464,0.5
1900-01-21 07:10:45,7881.5,596910,7882.0,99234,168172,374744,-206572,497676,0.5
1900-01-21 07:11:00,7881.0,145428,7881.5,594456,615228,185162,430066,-449028,0.5
1900-01-21 07:11:15,7870.0,1819244,7870.5,51833,36720,1818862,-1782142,1767411,0.5
1900-01-21 07:11:30,7866.0,90536,7866.5,61604,169777,2882000,-2712223,28932,0.5
1900-01-21 07:11:45,7840.0,277460,7841.5,24427,472048,1412765,-940717,253033,1.5
1900-01-21 07:12:00,7853.5,10000,7855.0,20,881475,4574797,-3693322,9980,1.5
1900-01-21 07:12:15,7869.5,585008,7870.0,528460,851499,391585,459914,56548,0.5
1900-01-21 07:12:30,7884.0,287948,7884.5,1194783,582332,248963,333369,-906835,0.5
1900-01-21 07:12:45,7880.5,652596,7881.0,152601,119404,1089353,-969949,499995,0.5
1900-01-21 07:13:00,7887.5,155197,7888.0,625620,438021,251746,186275,-470423,0.5
1900-01-21 07:13:15,7887.0,507079,7887.5,102694,154501,239837,-85336,404385,0.5
1900-01-21 07:13:30,7887.0,28917,7887.5,592133,534974,413879,121095,-563216,0.5
1900-01-21 07:13:45,7902.5,214505,7903.0,7251,275929,312773,-36844,207254,0.5
1900-01-21 07:14:00,7902.5,15746,7903.0,506586,303101,83328,219773,-490840,0.5
1900-01-21 07:14:15,7916.0,494624,7916.5,39517,1066509,76474,990035,455107,0.5
1900-01-21 07:14:30,7930.0,1075495,7930.5,513051,548569,581698,-33129,562444,0.5
1900-01-21 07:14:45,7923.0,102755,7923.5,16364,345633,1795525,-1449892,86391,0.5
1900-01-21 07:15:00,7931.5,370638,7932.0,24140,368683,55225,313458,346498,0.5
1900-01-21 07:15:15,7934.0,11424,7934.5,760083,279637,343829,-64192,-748659,0.5
1900-01-21 07:15:30,7931.5,4309,7932.0,838298,157194,264913,-107719,-833989,0.5
1900-01-21 07:15:45,7934.5,604292,7935.0,194738,131906,164710,-32804,409554,0.5
1900-01-21 07:16:00,7939.5,965013,7940.0,231657,1384748,288857,1095891,733356,0.5
1900-01-21 07:16:15,7946.5,1345434,7947.0,5000,681202,17220,663982,1340434,0.5
1900-01-21 07:16:30,7939.5,95442,7940.0,732509,631452,484407,147045,-637067,0.5
1900-01-21 07:16:45,7944.5,407519,7945.0,161268,167736,233293,-65557,246251,0.5
1900-01-21 07:17:00,7932.5,7600,7933.0,410344,148269,729649,-581380,-402744,0.5
1900-01-21 07:17:15,7936.5,528204,7937.0,18396,98543,175045,-76502,509808,0.5
1900-01-21 07:17:30,7935.5,14000,7936.0,27,67915,155629,-87714,13973,0.5
1900-01-21 07:17:45,7946.5,126095,7947.0,272546,467131,37561,429570,-146451,0.5
1900-01-21 07:18:00,7946.5,599395,7947.0,126824,227665,37363,190302,472571,0.5
1900-01-21 07:18:15,7959.5,271906,7960.0,538136,639040,31939,607101,-266230,0.5
1900-01-21 07:18:30,7956.5,136943,7957.0,528101,212728,174965,37763,-391158,0.5
1900-01-21 07:18:45,7950.5,88441,7951.0,325952,176887,332917,-156030,-237511,0.5
1900-01-21 07:19:00,7951.5,20144,7952.0,541071,12552,204439,-191887,-520927,0.5
1900-01-21 07:19:15,7947.0,181485,7947.5,435232,33010,706440,-673430,-253747,0.5
1900-01-21 07:19:30,7949.5,129877,7950.0,668,109470,189031,-79561,129209,0.5
1900-01-21 07:19:45,7967.5,30025,7968.0,223129,1062995,219751,843244,-193104,0.5
1900-01-21 07:20:00,7976.5,167034,7977.0,412921,698214,580605,117609,-245887,0.5
1900-01-21 07:20:15,7974.5,354742,7975.0,270773,658144,322019,336125,83969,0.5
1900-01-21 07:20:30,7972.0,25988,7972.5,461773,78653,114587,-35934,-435785,0.5
1900-01-21 07:20:45,7970.5,66481,7971.0,462082,17897,167677,-149780,-395601,0.5
1900-01-21 07:21:00,7978.0,73025,7978.5,32037,547525,88863,458662,40988,0.5
1900-01-21 07:21:15,7980.0,362740,7980.5,97459,387511,231561,155950,265281,0.5
1900-01-21 07:21:30,8008.5,261092,8009.0,563314,1701311,264039,1437272,-302222,0.5
1900-01-21 07:21:45,8010.0,97998,8010.5,2145,1446768,758893,687875,95853,0.5
1900-01-21 07:22:00,8020.0,112073,8020.5,125350,566153,279798,286355,-13277,0.5
1900-01-21 07:22:15,8007.0,210862,8007.5,110826,462382,929629,-467247,100036,0.5
1900-01-21 07:22:30,8002.0,871230,8002.5,305068,49787,928905,-879118,566162,0.5
1900-01-21 07:22:45,8002.0,564458,8002.5,338286,159772,446638,-286866,226172,0.5
1900-01-21 07:23:00,8004.5,119659,8005.0,104381,476263,116968,359295,15278,0.5
1900-01-21 07:23:15,8000.0,91419,8000.5,1233174,58738,430881,-372143,-1141755,0.5
1900-01-21 07:23:30,7998.0,278529,7998.5,234076,347230,787166,-439936,44453,0.5
1900-01-21 07:23:45,8006.0,134241,8006.5,806339,116386,258051,-141665,-672098,0.5
1900-01-21 07:24:00,8010.5,443230,8011.0,54751,948161,156332,791829,388479,0.5
1900-01-21 07:24:15,8002.0,114723,8002.5,611613,89987,325624,-235637,-496890,0.5
1900-01-21 07:24:30,7996.0,9004,7996.5,208709,57321,275312,-217991,-199705,0.5
1900-01-21 07:24:45,7995.0,79863,7995.5,653519,6784,285523,-278739,-573656,0.5
1900-01-21 07:25:00,7996.0,535570,7996.5,10889,286149,233059,53090,524681,0.5
1900-01-21 07:25:15,7993.0,456689,7993.5,322283,71513,310710,-239197,134406,0.5
1900-01-21 07:25:30,7993.0,599083,7993.5,285943,53310,179757,-126447,313140,0.5
1900-01-21 07:25:45,7995.0,627246,7995.5,57495,232559,156393,76166,569751,0.5
1900-01-21 07:26:00,7993.0,154887,7993.5,392283,84140,308504,-224364,-237396,0.5
1900-01-21 07:26:15,7990.0,35106,7990.5,822978,28970,244987,-216017,-787872,0.5
1900-01-21 07:26:30,7987.5,357796,7988.0,1106448,17970,946972,-929002,-748652,0.5
1900-01-21 07:26:45,7985.0,308698,7985.5,257418,1044,404690,-403646,51280,0.5
1900-01-21 07:27:00,7990.5,471345,7991.0,25443,381611,155206,226405,445902,0.5
1900-01-21 07:27:15,8005.5,678267,8006.0,110072,189147,59104,130043,568195,0.5
1900-01-21 07:27:30,8004.0,106395,8004.5,564340,139524,133302,6222,-457945,0.5
1900-01-21 07:27:45,7996.5,38763,7997.0,237593,432918,394369,38549,-198830,0.5
1900-01-21 07:28:00,8000.5,171934,8001.0,758967,286531,579022,-292491,-587033,0.5
1900-01-21 07:28:15,7996.5,1161551,7997.0,27903,51770,213629,-161859,1133648,0.5
1900-01-21 07:28:30,7999.5,337061,8000.0,965594,51598,30446,21152,-628533,0.5
1900-01-21 07:28:45,7997.0,80621,7997.5,1081244,12033,260172,-248139,-1000623,0.5
1900-01-21 07:29:00,7987.5,2273,7988.0,150755,16222,571851,-555629,-148482,0.5
1900-01-21 07:29:15,7965.0,1260235,7965.5,11646,231839,1547173,-1315334,1248589,0.5
1900-01-21 07:29:30,7970.0,2438,7971.0,132483,238410,294277,-55867,-130045,1.0
1900-01-21 07:29:45,7973.0,550580,7973.5,51734,68286,402306,-334020,498846,0.5
1900-01-21 07:30:00,7969.5,55952,7970.0,422057,100471,868819,-768348,-366105,0.5
1900-01-21 07:30:15,7965.0,324112,7965.5,680135,35310,494269,-458959,-356023,0.5
1900-01-21 07:30:30,7971.5,38149,7972.0,7650,449381,261309,188072,30499,0.5
1900-01-21 07:30:45,7969.5,459963,7970.0,347491,26737,151880,-125143,112472,0.5
1900-01-21 07:31:00,7969.5,27658,7970.0,990211,22507,228851,-206344,-962553,0.5
1900-01-21 07:31:15,7963.5,965,7964.0,416370,159058,322156,-163098,-415405,0.5
1900-01-21 07:31:30,7934.5,29700,7935.0,660,64634,1126134,-1061500,29040,0.5
1900-01-21 07:31:45,7951.0,835741,7951.5,5365,309601,140853,168748,830376,0.5
1900-01-21 07:32:00,7956.5,1565953,7957.0,43873,464070,227296,236774,1522080,0.5
1900-01-21 07:32:15,7962.5,904331,7963.0,9227,374327,86157,288170,895104,0.5
1900-01-21 07:32:30,7958.5,712166,7959.0,115822,66713,279945,-213232,596344,0.5
1900-01-21 07:32:45,7960.0,57919,7960.5,423356,107266,257395,-150129,-365437,0.5
1900-01-21 07:33:00,7957.5,767723,7958.0,143822,19687,240624,-220937,623901,0.5
1900-01-21 07:33:15,7956.0,1485,7956.5,184961,524685,48059,476626,-183476,0.5
1900-01-21 07:33:30,7959.0,125258,7959.5,210834,19952,587458,-567506,-85576,0.5
1900-01-21 07:33:45,7960.0,37960,7960.5,15079,398131,147954,250177,22881,0.5
1900-01-21 07:34:00,7961.5,387687,7962.0,133669,347663,64532,283131,254018,0.5
1900-01-21 07:34:15,7962.5,625919,7963.0,334972,300818,27294,273524,290947,0.5
1900-01-21 07:34:30,7956.5,35241,7957.0,422431,27700,258719,-231019,-387190,0.5
1900-01-21 07:34:45,7964.5,834302,7965.0,343830,163206,47975,115231,490472,0.5
1900-01-21 07:35:00,7964.5,1263967,7965.0,502063,32241,7758,24483,761904,0.5
1900-01-21 07:35:15,7984.0,285349,7984.5,6531,1410643,103733,1306910,278818,0.5
1900-01-21 07:35:30,7986.0,9022,7986.5,433662,238229,341108,-102879,-424640,0.5
1900-01-21 07:35:45,7982.5,1152383,7983.0,665897,16715,83562,-66847,486486,0.5
1900-01-21 07:36:00,7982.5,1215115,7983.0,711846,48656,222556,-173900,503269,0.5
1900-01-21 07:36:15,7982.5,1178428,7983.0,762317,36283,84044,-47761,416111,0.5
1900-01-21 07:36:30,7982.5,638178,7983.0,872312,118624,1018260,-899636,-234134,0.5
1900-01-21 07:36:45,7979.0,138609,7979.5,204875,3540,986145,-982605,-66266,0.5
1900-01-21 07:37:00,7979.0,886484,7979.5,16792,9821,60972,-51151,869692,0.5
1900-01-21 07:37:15,7989.5,296618,7990.0,291582,540568,16728,523840,5036,0.5
1900-01-21 07:37:30,7986.0,697275,7986.5,1178802,99066,71017,28049,-481527,0.5
1900-01-21 07:37:45,8001.0,29686,8001.5,88234,907787,137110,770677,-58548,0.5
1900-01-21 07:38:00,8002.5,341827,8003.0,798698,546408,327611,218797,-456871,0.5
1900-01-21 07:38:15,8002.5,873962,8003.0,202412,912652,236170,676482,671550,0.5
1900-01-21 07:38:30,8002.5,123825,8003.0,467987,153182,135158,18024,-344162,0.5
1900-01-21 07:38:45,8002.0,160599,8002.5,607854,28759,84417,-55658,-447255,0.5
1900-01-21 07:39:00,8000.5,57343,8001.0,977871,73159,148562,-75403,-920528,0.5
1900-01-21 07:39:15,7999.5,50716,8000.0,1468481,38628,624532,-585904,-1417765,0.5
1900-01-21 07:39:30,7989.5,207842,7990.0,293895,14828,447972,-433144,-86053,0.5
1900-01-21 07:39:45,7994.0,1760178,7994.5,47647,105239,42059,63180,1712531,0.5
1900-01-21 07:40:00,7991.0,233,7991.5,53820,934513,245551,688962,-53587,0.5
1900-01-21 07:40:15,7992.0,796639,7992.5,5152,105889,557923,-452034,791487,0.5
1900-01-21 07:40:30,7988.0,58051,7988.5,441706,25314,425610,-400296,-383655,0.5
1900-01-21 07:40:45,7986.0,188876,7986.5,397693,14150,1494519,-1480369,-208817,0.5
1900-01-21 07:41:00,7986.5,685464,7987.0,51490,149283,31320,117963,633974,0.5
1900-01-21 07:41:15,7986.5,75805,7987.0,705406,20608,21160,-552,-629601,0.5
1900-01-21 07:41:30,7975.0,324887,7975.5,186640,27037,160648,-133611,138247,0.5
1900-01-21 07:41:45,7976.0,6132,7976.5,380566,161108,106898,54210,-374434,0.5
1900-01-21 07:42:00,7976.0,85173,7976.5,509644,82380,70562,11818,-424471,0.5
1900-01-21 07:42:15,7973.0,243830,7973.5,471559,10710,289067,-278357,-227729,0.5
1900-01-21 07:42:30,7973.0,743683,7973.5,187531,43876,172776,-128900,556152,0.5
1900-01-21 07:42:45,7976.0,708577,7976.5,137971,52613,13000,39613,570606,0.5
1900-01-21 07:43:00,7969.5,722404,7970.0,1378111,219342,25144,194198,-655707,0.5
1900-01-21 07:43:15,7961.0,6628,7961.5,271363,85187,678228,-593041,-264735,0.5
1900-01-21 07:43:30,7954.0,582888,7954.5,73207,169214,319137,-149923,509681,0.5
1900-01-21 07:43:45,7958.0,49835,7958.5,130091,1102460,555252,547208,-80256,0.5
1900-01-21 07:44:00,7965.0,178222,7965.5,50790,68036,131347,-63311,127432,0.5
1900-01-21 07:44:15,7955.0,53965,7955.5,198895,79011,156164,-77153,-144930,0.5
1900-01-21 07:44:30,7958.0,31214,7958.5,1116241,25271,125439,-100168,-1085027,0.5
1900-01-21 07:44:45,7953.0,407729,7953.5,135317,53192,17206,35986,272412,0.5
1900-01-21 07:45:00,7948.0,8684,7948.5,929470,9758,143032,-133274,-920786,0.5
1900-01-21 07:45:15,7941.5,33644,7942.0,20000,92986,494104,-401118,13644,0.5
1900-01-21 07:45:30,7929.0,4,7929.5,74265,68506,1353777,-1285271,-74261,0.5
1900-01-21 07:45:45,7926.5,380821,7927.0,100340,460402,2890545,-2430143,280481,0.5
1900-01-21 07:46:00,7921.5,24637,7922.5,180149,360459,239638,120821,-155512,1.0
1900-01-21 07:46:15,7900.0,599010,7900.5,278911,124542,615208,-490666,320099,0.5
1900-01-21 07:46:30,7916.5,716407,7917.0,30073,502078,275315,226763,686334,0.5
1900-01-21 07:46:45,7917.0,501575,7917.5,49948,258824,306169,-47345,451627,0.5
1900-01-21 07:47:00,7919.5,33880,7920.0,1393465,693462,112297,581165,-1359585,0.5
1900-01-21 07:47:15,7917.0,607502,7917.5,318,117659,208342,-90683,607184,0.5
1900-01-21 07:47:30,7910.5,67555,7911.0,725968,782143,443726,338417,-658413,0.5
1900-01-21 07:47:45,7917.5,281490,7918.0,766503,163517,110253,53264,-485013,0.5
1900-01-21 07:48:00,7916.0,565653,7916.5,391269,130324,140647,-10323,174384,0.5
1900-01-21 07:48:15,7925.5,1699410,7926.0,11286,1756723,59857,1696866,1688124,0.5
1900-01-21 07:48:30,7927.5,459357,7928.0,789389,600107,180380,419727,-330032,0.5
1900-01-21 07:48:45,7924.5,568419,7925.0,11366,219999,291429,-71430,557053,0.5
1900-01-21 07:49:00,7924.5,19106,7925.0,776823,162409,79475,82934,-757717,0.5
1900-01-21 07:49:15,7924.5,429350,7925.0,140185,29866,33895,-4029,289165,0.5
1900-01-21 07:49:30,7924.5,550524,7925.0,195898,97149,147755,-50606,354626,0.5
1900-01-21 07:49:45,7920.5,125920,7921.0,544499,47701,62928,-15227,-418579,0.5
1900-01-21 07:50:00,7914.0,60946,7914.5,986805,42539,115298,-72759,-925859,0.5
1900-01-21 07:50:15,7918.5,260085,7919.0,24097,64186,80596,-16410,235988,0.5
1900-01-21 07:50:30,7914.0,32982,7914.5,1769340,67605,77852,-10247,-1736358,0.5
1900-01-21 07:50:45,7913.0,391146,7913.5,650,223620,132175,91445,390496,0.5
1900-01-21 07:51:00,7910.5,495381,7911.0,351260,257280,225611,31669,144121,0.5
1900-01-21 07:51:15,7912.5,483589,7913.0,61,368627,122219,246408,483528,0.5
1900-01-21 07:51:30,7910.0,32335,7910.5,71049,75458,107350,-31892,-38714,0.5
1900-01-21 07:51:45,7900.5,60184,7901.0,46273,34614,508974,-474360,13911,0.5
1900-01-21 07:52:00,7888.5,140373,7889.0,475858,35525,793478,-757953,-335485,0.5
1900-01-21 07:52:15,7884.5,153749,7885.0,3817061,779385,1365039,-585654,-3663312,0.5
1900-01-21 07:52:30,7891.5,286774,7892.0,2117,4144071,176532,3967539,284657,0.5
1900-01-21 07:52:45,7886.0,126163,7886.5,386970,608285,193258,415027,-260807,0.5
1900-01-21 07:53:00,7881.0,171545,7881.5,134727,197222,538777,-341555,36818,0.5
1900-01-21 07:53:15,7888.5,324997,7889.0,114155,362814,190052,172762,210842,0.5
1900-01-21 07:53:30,7877.0,105218,7877.5,113836,175361,522164,-346803,-8618,0.5
1900-01-21 07:53:45,7876.0,218306,7876.5,52388,547873,219994,327879,165918,0.5
1900-01-21 07:54:00,7880.5,298505,7881.0,68963,685207,62406,622801,229542,0.5
1900-01-21 07:54:15,7878.0,38893,7878.5,601494,228368,119865,108503,-562601,0.5
1900-01-21 07:54:30,7876.0,69212,7876.5,473561,96641,641478,-544837,-404349,0.5
1900-01-21 07:54:45,7866.0,302970,7866.5,417671,63479,345351,-281872,-114701,0.5
1900-01-21 07:55:00,7875.5,123261,7876.0,71587,441515,200696,240819,51674,0.5
1900-01-21 07:55:15,7882.5,335698,7883.0,166406,202825,132035,70790,169292,0.5
1900-01-21 07:55:30,7885.0,233423,7885.5,179954,753885,32604,721281,53469,0.5
1900-01-21 07:55:45,7894.5,278303,7895.0,455503,1124674,238467,886207,-177200,0.5
1900-01-21 07:56:00,7897.5,226639,7898.0,28208,652059,108068,543991,198431,0.5
1900-01-21 07:56:15,7897.5,1113324,7898.0,1846,397810,101496,296314,1111478,0.5
1900-01-21 07:56:30,7880.0,180894,7880.5,636641,239384,209693,29691,-455747,0.5
1900-01-21 07:56:45,7880.0,1311063,7880.5,556859,180778,343771,-162993,754204,0.5
1900-01-21 07:57:00,7886.0,285276,7886.5,7134,167137,1179687,-1012550,278142,0.5
1900-01-21 07:57:15,7904.0,145927,7904.5,40547,387386,36535,350851,105380,0.5
1900-01-21 07:57:30,7888.5,154138,7889.0,87642,755673,144255,611418,66496,0.5
1900-01-21 07:57:45,7897.5,351654,7898.0,150585,123344,82819,40525,201069,0.5
1900-01-21 07:58:00,7897.5,180732,7898.0,54208,229000,72549,156451,126524,0.5
1900-01-21 07:58:15,7899.5,882396,7900.0,11653,107593,8996,98597,870743,0.5
1900-01-21 07:58:30,7905.5,269794,7906.0,7335,56554,24580,31974,262459,0.5
1900-01-21 07:58:45,7904.0,44320,7904.5,897187,77078,200067,-122989,-852867,0.5
1900-01-21 07:59:00,7904.0,317349,7904.5,339102,41942,59030,-17088,-21753,0.5
1900-01-21 07:59:15,7912.0,1063900,7913.0,10352,406747,26820,379927,1053548,1.0
1900-01-21 07:59:30,7913.0,14964,7913.5,317877,153609,20005,133604,-302913,0.5
1900-01-21 07:59:45,7910.5,388570,7911.0,4618,106757,106956,-199,383952,0.5
1900-01-21 08:00:00,7911.5,608621,7912.0,330879,161293,13620,147673,277742,0.5
1900-01-21 08:00:15,7913.5,243403,7914.0,409893,210576,307528,-96952,-166490,0.5
1900-01-21 08:00:30,7905.0,480568,7905.5,279572,1218,455037,-453819,200996,0.5
1900-01-21 08:00:45,7905.0,701,7905.5,969194,53200,295052,-241852,-968493,0.5
1900-01-21 08:01:00,7900.5,860945,7901.0,94642,20111,99626,-79515,766303,0.5
1900-01-21 08:01:15,7905.0,418093,7905.5,20275,402266,70644,331622,397818,0.5
1900-01-21 08:01:30,7910.0,82262,7910.5,557133,145999,34506,111493,-474871,0.5
1900-01-21 08:01:45,7910.0,89472,7910.5,559161,117002,40431,76571,-469689,0.5
1900-01-21 08:02:00,7903.0,17605,7903.5,484378,4700,129982,-125282,-466773,0.5
1900-01-21 08:02:15,7890.5,76563,7891.0,670710,15686,337421,-321735,-594147,0.5
1900-01-21 08:02:30,7894.0,402,7894.5,292654,276347,406454,-130107,-292252,0.5
1900-01-21 08:02:45,7883.0,1065850,7883.5,41417,32185,408940,-376755,1024433,0.5
1900-01-21 08:03:00,7881.5,91389,7882.0,895980,111146,323891,-212745,-804591,0.5
1900-01-21 08:03:15,7878.5,45900,7879.0,892433,229454,435878,-206424,-846533,0.5
1900-01-21 08:03:30,7870.0,30629,7870.5,80954,47600,464938,-417338,-50325,0.5
1900-01-21 08:03:45,7879.0,153555,7879.5,287963,553869,140154,413715,-134408,0.5
1900-01-21 08:04:00,7881.5,870388,7882.0,73443,143569,111630,31939,796945,0.5
1900-01-21 08:04:15,7871.0,11771,7871.5,1102518,87994,44143,43851,-1090747,0.5
1900-01-21 08:04:30,7868.5,1032333,7869.0,69036,135628,308842,-173214,963297,0.5
1900-01-21 08:04:45,7868.5,52488,7869.0,1167221,279320,301138,-21818,-1114733,0.5
1900-01-21 08:05:00,7860.0,32756,7860.5,237079,72244,342566,-270322,-204323,0.5
1900-01-21 08:05:15,7860.0,359291,7860.5,373927,222188,393167,-170979,-14636,0.5
1900-01-21 08:05:30,7850.0,247204,7850.5,912918,51064,1081325,-1030261,-665714,0.5
1900-01-21 08:05:45,7863.0,275567,7864.0,37,488954,489589,-635,275530,1.0
1900-01-21 08:06:00,7850.0,302078,7850.5,186041,283401,339129,-55728,116037,0.5
1900-01-21 08:06:15,7856.0,27909,7856.5,647702,208627,118858,89769,-619793,0.5
1900-01-21 08:06:30,7840.0,467092,7841.0,120014,63744,597791,-534047,347078,1.0
1900-01-21 08:06:45,7836.0,5000,7836.5,2352,612734,2036487,-1423753,2648,0.5
1900-01-21 08:07:00,7843.5,2667,7844.0,30000,695633,337791,357842,-27333,0.5
1900-01-21 08:07:15,7859.5,88925,7860.0,213843,958069,61759,896310,-124918,0.5
1900-01-21 08:07:30,7854.0,24571,7854.5,201821,637505,201993,435512,-177250,0.5
1900-01-21 08:07:45,7854.0,310746,7854.5,127869,366413,382989,-16576,182877,0.5
1900-01-21 08:08:00,7867.5,15275,7868.0,36941,320893,301568,19325,-21666,0.5
1900-01-21 08:08:15,7877.5,18173,7878.0,124977,886355,146980,739375,-106804,0.5
1900-01-21 08:08:30,7881.5,500,7882.0,111447,500000,364823,135177,-110947,0.5
1900-01-21 08:08:45,7884.5,349844,7885.0,587511,353517,66386,287131,-237667,0.5
1900-01-21 08:09:00,7891.0,186458,7891.5,483527,688285,147959,540326,-297069,0.5
1900-01-21 08:09:15,7881.0,362585,7881.5,491145,93590,496755,-403165,-128560,0.5
1900-01-21 08:09:30,7875.5,7178,7876.0,661330,199879,158018,41861,-654152,0.5
1900-01-21 08:09:45,7884.0,128500,7884.5,314178,745000,365633,379367,-185678,0.5
1900-01-21 08:10:00,7883.5,378953,7884.0,491010,208122,285658,-77536,-112057,0.5
1900-01-21 08:10:15,7888.0,560858,7888.5,299923,356935,90493,266442,260935,0.5
1900-01-21 08:10:30,7883.5,586384,7884.0,76617,66870,73658,-6788,509767,0.5
1900-01-21 08:10:45,7877.0,157273,7877.5,101528,50360,42206,8154,55745,0.5
1900-01-21 08:11:00,7880.0,1130020,7880.5,9697,88464,148316,-59852,1120323,0.5
1900-01-21 08:11:15,7884.5,824159,7885.0,418897,257941,23612,234329,405262,0.5
1900-01-21 08:11:30,7889.5,748424,7890.0,241281,437884,19490,418394,507143,0.5
1900-01-21 08:11:45,7892.0,73006,7892.5,36714,376811,2789,374022,36292,0.5
1900-01-21 08:12:00,7892.5,1232490,7893.0,17675,230159,17508,212651,1214815,0.5
1900-01-21 08:12:15,7892.5,466877,7893.0,274491,296588,23889,272699,192386,0.5
1900-01-21 08:12:30,7876.5,1265979,7877.0,17721,208558,400599,-192041,1248258,0.5
1900-01-21 08:12:45,7883.0,542286,7883.5,86775,60875,80060,-19185,455511,0.5
1900-01-21 08:13:00,7865.5,15984,7866.0,29705,124118,310535,-186417,-13721,0.5
1900-01-21 08:13:15,7877.0,220521,7877.5,99294,258286,410865,-152579,121227,0.5
1900-01-21 08:13:30,7877.0,713073,7877.5,111791,92877,21770,71107,601282,0.5
1900-01-21 08:13:45,7869.0,14561,7869.5,619548,78228,240092,-161864,-604987,0.5
1900-01-21 08:14:00,7879.0,1101002,7879.5,66533,318642,91441,227201,1034469,0.5
1900-01-21 08:14:15,7881.0,1130609,7881.5,19848,164754,41876,122878,1110761,0.5
1900-01-21 08:14:30,7882.5,1010820,7883.0,8165,51834,29401,22433,1002655,0.5
1900-01-21 08:14:45,7885.5,293612,7886.0,294199,88424,2162,86262,-587,0.5
1900-01-21 08:15:00,7882.5,472385,7883.0,208310,62530,296851,-234321,264075,0.5
1900-01-21 08:15:15,7885.5,552071,7886.0,394065,88746,138127,-49381,158006,0.5
1900-01-21 08:15:30,7885.5,1009875,7886.0,91302,133686,62700,70986,918573,0.5
1900-01-21 08:15:45,7886.5,1041649,7887.0,138,137677,24144,113533,1041511,0.5
1900-01-21 08:16:00,7899.0,91458,7899.5,83758,663962,170389,493573,7700,0.5
1900-01-21 08:16:15,7907.0,940113,7907.5,44833,2326180,384153,1942027,895280,0.5
1900-01-21 08:16:30,7903.0,343590,7903.5,96470,582027,127755,454272,247120,0.5
1900-01-21 08:16:45,7907.5,1471368,7908.0,53318,283791,37284,246507,1418050,0.5
1900-01-21 08:17:00,7913.5,1422422,7914.0,143969,465768,22913,442855,1278453,0.5
1900-01-21 08:17:15,7914.5,910393,7915.0,174867,356851,226044,130807,735526,0.5
1900-01-21 08:17:30,7914.5,172169,7915.0,442658,89701,292530,-202829,-270489,0.5
1900-01-21 08:17:45,7914.5,698931,7915.0,131002,60594,54700,5894,567929,0.5
1900-01-21 08:18:00,7919.5,823828,7920.0,108914,626863,70964,555899,714914,0.5
1900-01-21 08:18:15,7922.5,236980,7923.0,283582,250944,81128,169816,-46602,0.5
1900-01-21 08:18:30,7922.5,292326,7923.0,475035,50463,163174,-112711,-182709,0.5
1900-01-21 08:18:45,7920.0,195850,7920.5,380005,191437,283843,-92406,-184155,0.5
1900-01-21 08:19:00,7920.0,93544,7920.5,444094,52629,490148,-437519,-350550,0.5
1900-01-21 08:19:15,7910.0,706817,7910.5,70993,69879,588086,-518207,635824,0.5
1900-01-21 08:19:30,7913.5,559353,7914.0,68536,63717,144477,-80760,490817,0.5
1900-01-21 08:19:45,7914.5,375323,7915.0,157307,69829,60120,9709,218016,0.5
1900-01-21 08:20:00,7914.5,314605,7915.0,443938,112848,206578,-93730,-129333,0.5
1900-01-21 08:20:15,7914.5,650613,7915.0,162705,161140,34214,126926,487908,0.5
1900-01-21 08:20:30,7914.5,728221,7915.0,24216,102026,75808,26218,704005,0.5
1900-01-21 08:20:45,7915.5,687135,7916.0,34701,37779,11290,26489,652434,0.5
1900-01-21 08:21:00,7918.0,125174,7918.5,279392,81811,40466,41345,-154218,0.5
1900-01-21 08:21:15,7915.5,1366955,7916.0,2919,54028,57863,-3835,1364036,0.5
1900-01-21 08:21:30,7914.0,319078,7914.5,1181740,213165,232148,-18983,-862662,0.5
1900-01-21 08:21:45,7913.0,351306,7913.5,489818,26900,291933,-265033,-138512,0.5
1900-01-21 08:22:00,7913.0,274947,7913.5,791503,30836,239752,-208916,-516556,0.5
1900-01-21 08:22:15,7912.0,14656,7912.5,932488,5250,475887,-470637,-917832,0.5
1900-01-21 08:22:30,7911.0,376239,7911.5,789984,4722,101822,-97100,-413745,0.5
1900-01-21 08:22:45,7907.0,131877,7907.5,955692,4002,1954477,-1950475,-823815,0.5
1900-01-21 08:23:00,7904.0,79098,7904.5,975689,12642,586669,-574027,-896591,0.5
1900-01-21 08:23:15,7901.0,782935,7901.5,134508,68742,1028116,-959374,648427,0.5
1900-01-21 08:23:30,7901.0,805921,7901.5,323887,45047,195807,-150760,482034,0.5
1900-01-21 08:23:45,7909.5,27632,7910.0,1206815,203460,73264,130196,-1179183,0.5
1900-01-21 08:24:00,7909.5,210157,7910.0,1246701,21070,41172,-20102,-1036544,0.5
1900-01-21 08:24:15,7909.5,1247605,7910.0,533908,144309,156002,-11693,713697,0.5
1900-01-21 08:24:30,7909.5,1038508,7910.0,299726,137842,173056,-35214,738782,0.5
1900-01-21 08:24:45,7917.5,467076,7918.0,59716,1011761,88260,923501,407360,0.5
1900-01-21 08:25:00,7918.5,204084,7919.0,750806,143053,76219,66834,-546722,0.5
1900-01-21 08:25:15,7922.0,90421,7922.5,36348,94400,124667,-30267,54073,0.5
1900-01-21 08:25:30,7924.0,427053,7924.5,522029,206559,10356,196203,-94976,0.5
1900-01-21 08:25:45,7924.0,13328,7924.5,724989,104300,218662,-114362,-711661,0.5
1900-01-21 08:26:00,7921.0,84200,7921.5,943002,8066,73295,-65229,-858802,0.5
1900-01-21 08:26:15,7919.5,5339,7920.0,433363,40000,222837,-182837,-428024,0.5
1900-01-21 08:26:30,7912.5,253334,7913.0,698566,7978,384244,-376266,-445232,0.5
1900-01-21 08:26:45,7909.5,528319,7910.0,248315,149482,435129,-285647,280004,0.5
1900-01-21 08:27:00,7915.0,258192,7915.5,686348,198739,58176,140563,-428156,0.5
1900-01-21 08:27:15,7916.0,979341,7916.5,69992,115590,96561,19029,909349,0.5
1900-01-21 08:27:30,7916.0,1255003,7916.5,45719,93859,109513,-15654,1209284,0.5
1900-01-21 08:27:45,7917.0,634982,7917.5,77773,53155,18026,35129,557209,0.5
1900-01-21 08:28:00,7918.5,193897,7919.0,548647,48161,662,47499,-354750,0.5
1900-01-21 08:28:15,7918.5,1122121,7919.0,77315,148557,68256,80301,1044806,0.5
1900-01-21 08:28:30,7919.5,165508,7920.0,412595,59295,2100,57195,-247087,0.5
1900-01-21 08:28:45,7919.5,65804,7920.0,529327,12225,94883,-82658,-463523,0.5
1900-01-21 08:29:00,7918.5,61554,7919.0,614021,19679,18703,976,-552467,0.5
1900-01-21 08:29:15,7910.0,825424,7910.5,191704,3802,162027,-158225,633720,0.5
1900-01-21 08:29:30,7910.0,175977,7910.5,629832,32419,199106,-166687,-453855,0.5
1900-01-21 08:29:45,7903.5,4950,7904.0,335503,20590,1152649,-1132059,-330553,0.5
1900-01-21 08:30:00,7893.0,511060,7893.5,271274,47186,440346,-393160,239786,0.5
1900-01-21 08:30:15,7880.0,569800,7880.5,231551,30208,353871,-323663,338249,0.5
1900-01-21 08:30:30,7886.0,610806,7886.5,41543,159565,505016,-345451,569263,0.5
1900-01-21 08:30:45,7890.5,16665,7891.0,669919,130928,55802,75126,-653254,0.5
1900-01-21 08:31:00,7873.5,4422,7874.0,80983,131480,787103,-655623,-76561,0.5
1900-01-21 08:31:15,7864.0,524817,7864.5,246972,70793,528297,-457504,277845,0.5
1900-01-21 08:31:30,7864.5,676091,7865.0,275036,169337,462242,-292905,401055,0.5
1900-01-21 08:31:45,7869.5,690551,7870.0,37966,488484,65450,423034,652585,0.5
1900-01-21 08:32:00,7866.5,378503,7867.0,545722,123523,196661,-73138,-167219,0.5
1900-01-21 08:32:15,7862.0,4058,7862.5,462502,241030,589266,-348236,-458444,0.5
1900-01-21 08:32:30,7869.5,114383,7870.0,341901,60111,382614,-322503,-227518,0.5
1900-01-21 08:32:45,7862.0,860863,7862.5,79697,256021,114632,141389,781166,0.5
1900-01-21 08:33:00,7863.0,980115,7863.5,6949,237049,163050,73999,973166,0.5
1900-01-21 08:33:15,7865.0,235,7865.5,1193455,192030,228922,-36892,-1193220,0.5
1900-01-21 08:33:30,7860.0,71080,7860.5,709615,63856,282351,-218495,-638535,0.5
1900-01-21 08:33:45,7848.0,28550,7848.5,150723,52481,1562662,-1510181,-122173,0.5
1900-01-21 08:34:00,7845.0,396069,7845.5,8100,294819,369427,-74608,387969,0.5
1900-01-21 08:34:15,7857.5,191747,7858.0,331092,1271375,242589,1028786,-139345,0.5
1900-01-21 08:34:30,7859.5,105316,7860.0,20432,395895,139031,256864,84884,0.5
1900-01-21 08:34:45,7859.0,1000,7860.0,4201,487397,221340,266057,-3201,1.0
1900-01-21 08:35:00,7860.0,514,7861.0,100,170836,109258,61578,414,1.0
1900-01-21 08:35:15,7864.5,81272,7865.0,742763,551287,47744,503543,-661491,0.5
1900-01-21 08:35:30,7865.5,530102,7866.0,406649,221995,262566,-40571,123453,0.5
1900-01-21 08:35:45,7867.5,74,7868.0,1035987,513435,72816,440619,-1035913,0.5
1900-01-21 08:36:00,7864.0,512536,7864.5,183648,43790,136464,-92674,328888,0.5
1900-01-21 08:36:15,7854.0,559812,7854.5,507046,183134,221915,-38781,52766,0.5
1900-01-21 08:36:30,7842.0,13998,7843.0,41975,88284,1023468,-935184,-27977,1.0
1900-01-21 08:36:45,7837.0,186132,7837.5,23424,378507,723614,-345107,162708,0.5
1900-01-21 08:37:00,7848.0,204851,7848.5,20424,299964,278738,21226,184427,0.5
1900-01-21 08:37:15,7843.5,119943,7844.0,729889,978031,298556,679475,-609946,0.5
1900-01-21 08:37:30,7849.5,1369007,7850.0,131590,554070,112401,441669,1237417,0.5
1900-01-21 08:37:45,7849.5,2831,7850.0,40388,389914,35856,354058,-37557,0.5
1900-01-21 08:38:00,7868.5,42090,7869.0,61166,858862,438957,419905,-19076,0.5
1900-01-21 08:38:15,7870.0,31514,7870.5,369675,1047480,116906,930574,-338161,0.5
1900-01-21 08:38:30,7870.0,10857,7870.5,728265,66191,221362,-155171,-717408,0.5
1900-01-21 08:38:45,7863.5,788478,7864.0,45437,59535,204309,-144774,743041,0.5
1900-01-21 08:39:00,7873.5,1529282,7874.0,25430,808200,37122,771078,1503852,0.5
1900-01-21 08:39:15,7889.5,46687,7890.0,5579,1945329,113337,1831992,41108,0.5
1900-01-21 08:39:30,7887.0,77139,7887.5,1246603,694351,311875,382476,-1169464,0.5
1900-01-21 08:39:45,7878.0,515935,7878.5,25392,274834,615738,-340904,490543,0.5
1900-01-21 08:40:00,7880.5,69,7881.0,468951,84086,75466,8620,-468882,0.5
1900-01-21 08:40:15,7878.5,540987,7879.0,6555,90643,68311,22332,534432,0.5
1900-01-21 08:40:30,7874.5,336300,7875.0,716652,74053,994907,-920854,-380352,0.5
1900-01-21 08:40:45,7879.0,1432715,7879.5,77431,120407,384185,-263778,1355284,0.5
1900-01-21 08:41:00,7879.0,1229160,7879.5,938478,147921,257952,-110031,290682,0.5
1900-01-21 08:41:15,7883.0,653821,7883.5,69253,837090,11371,825719,584568,0.5
1900-01-21 08:41:30,7883.0,12743,7883.5,1213131,186484,32778,153706,-1200388,0.5
1900-01-21 08:41:45,7869.0,220772,7869.5,116236,7002,355421,-348419,104536,0.5
1900-01-21 08:42:00,7867.0,20368,7867.5,822525,17664,906532,-888868,-802157,0.5
1900-01-21 08:42:15,7864.0,567635,7864.5,190255,38761,148329,-109568,377380,0.5
1900-01-21 08:42:30,7883.0,85494,7883.5,502191,355919,17452,338467,-416697,0.5
1900-01-21 08:42:45,7878.5,861999,7879.0,19091,608382,64516,543866,842908,0.5
1900-01-21 08:43:00,7874.0,7312,7874.5,615722,57850,218408,-160558,-608410,0.5
1900-01-21 08:43:15,7882.0,747665,7882.5,10440,38862,100472,-61610,737225,0.5
1900-01-21 08:43:30,7877.5,24600,7878.0,1013744,19066,110609,-91543,-989144,0.5
1900-01-21 08:43:45,7880.0,321181,7880.5,255624,245553,45370,200183,65557,0.5
1900-01-21 08:44:00,7881.5,28077,7882.0,619966,353833,93711,260122,-591889,0.5
1900-01-21 08:44:15,7887.0,224836,7887.5,420336,237480,9593,227887,-195500,0.5
1900-01-21 08:44:30,7887.5,723043,7888.0,67397,213276,271359,-58083,655646,0.5
1900-01-21 08:44:45,7892.5,819510,7893.0,210626,318404,31494,286910,608884,0.5
1900-01-21 08:45:00,7892.5,457194,7893.0,449962,214100,314744,-100644,7232,0.5
1900-01-21 08:45:15,7890.0,180959,7890.5,653384,57785,165699,-107914,-472425,0.5
1900-01-21 08:45:30,7880.0,502338,7880.5,325691,9002,156797,-147795,176647,0.5
1900-01-21 08:45:45,7880.0,1558,7883.5,228702,112894,28316,84578,-227144,3.5
1900-01-21 08:46:00,7877.0,990750,7877.5,122702,28056,189170,-161114,868048,0.5
1900-01-21 08:46:15,7870.5,51679,7871.0,2066,297780,221990,75790,49613,0.5
1900-01-21 08:46:30,7879.0,79055,7879.5,422931,192246,112851,79395,-343876,0.5
1900-01-21 08:46:45,7874.5,680222,7875.0,226929,11882,36672,-24790,453293,0.5
1900-01-21 08:47:00,7868.5,251008,7869.0,354315,41120,303790,-262670,-103307,0.5
1900-01-21 08:47:15,7860.0,92504,7860.5,675165,50902,248618,-197716,-582661,0.5
1900-01-21 08:47:30,7859.0,764815,7859.5,139581,106598,954572,-847974,625234,0.5
1900-01-21 08:47:45,7860.0,43456,7860.5,996606,89715,326146,-236431,-953150,0.5
1900-01-21 08:48:00,7869.0,225064,7869.5,1360,200075,156936,43139,223704,0.5
1900-01-21 08:48:15,7863.0,9113,7863.5,57849,137707,242165,-104458,-48736,0.5
1900-01-21 08:48:30,7860.5,227957,7861.0,600566,32150,104257,-72107,-372609,0.5
1900-01-21 08:48:45,7852.0,184276,7852.5,679600,155759,359066,-203307,-495324,0.5
1900-01-21 08:49:00,7859.0,249869,7859.5,771323,95998,146084,-50086,-521454,0.5
1900-01-21 08:49:15,7844.0,613953,7844.5,26299,86543,199568,-113025,587654,0.5
1900-01-21 08:49:30,7841.0,102700,7841.5,74152,108610,195474,-86864,28548,0.5
1900-01-21 08:49:45,7831.5,1380942,7832.0,27201,87366,4764382,-4677016,1353741,0.5
1900-01-21 08:50:00,7842.0,200,7842.5,57496,779925,1109593,-329668,-57296,0.5
1900-01-21 08:50:15,7842.0,31212,7842.5,19216,239312,1093280,-853968,11996,0.5
1900-01-21 08:50:30,7841.5,7469,7842.0,865525,284819,211538,73281,-858056,0.5
1900-01-21 08:50:45,7830.0,541423,7830.5,132902,20472,1026176,-1005704,408521,0.5
1900-01-21 08:51:00,7827.0,9999,7830.0,193057,369247,2691333,-2322086,-183058,3.0
1900-01-21 08:51:15,7812.0,55211,7812.5,17514,1194377,1022936,171441,37697,0.5
1900-01-21 08:51:30,7803.5,94032,7804.0,108162,524402,2231572,-1707170,-14130,0.5
1900-01-21 08:51:45,7807.5,5000,7808.0,4820,892701,2862828,-1970127,180,0.5
1900-01-21 08:52:00,7776.0,8724,7780.5,30951,180781,10411703,-10230922,-22227,4.5
1900-01-21 08:52:15,7793.0,434080,7793.5,14000,1644758,2663952,-1019194,420080,0.5
1900-01-21 08:52:30,7812.0,211634,7816.5,4200,1602113,1270003,332110,207434,4.5
1900-01-21 08:52:45,7830.0,2644052,7830.5,4439,1431129,359605,1071524,2639613,0.5
1900-01-21 08:53:00,7831.0,2476,7832.0,190478,839034,1307494,-468460,-188002,1.0
1900-01-21 08:53:15,7823.5,137957,7824.0,44273,789658,1009216,-219558,93684,0.5
1900-01-21 08:53:30,7833.5,571172,7834.0,4079,658372,317305,341067,567093,0.5
1900-01-21 08:53:45,7841.0,93713,7841.5,10527,797851,138261,659590,83186,0.5
1900-01-21 08:54:00,7862.5,23920,7863.0,31490,1055667,173303,882364,-7570,0.5
1900-01-21 08:54:15,7875.0,326861,7875.5,617427,683413,281978,401435,-290566,0.5
1900-01-21 08:54:30,7875.0,11600,7875.5,1694457,695914,1700576,-1004662,-1682857,0.5
1900-01-21 08:54:45,7858.0,1444628,7858.5,65446,263320,609070,-345750,1379182,0.5
1900-01-21 08:55:00,7868.5,2700,7869.0,953,231663,170746,60917,1747,0.5
1900-01-21 08:55:15,7870.5,1151335,7871.0,195125,1035024,176413,858611,956210,0.5
1900-01-21 08:55:30,7883.0,102737,7883.5,30953,751492,314070,437422,71784,0.5
1900-01-21 08:55:45,7888.0,106892,7888.5,1112384,2253787,222037,2031750,-1005492,0.5
1900-01-21 08:56:00,7887.0,120708,7887.5,690919,369573,788129,-418556,-570211,0.5
1900-01-21 08:56:15,7881.5,544909,7882.0,237371,390832,616985,-226153,307538,0.5
1900-01-21 08:56:30,7872.0,22603,7872.5,30000,470308,665856,-195548,-7397,0.5
1900-01-21 08:56:45,7870.0,221157,7870.5,36019,67837,202107,-134270,185138,0.5
1900-01-21 08:57:00,7879.5,1114971,7880.0,202017,288008,214365,73643,912954,0.5
1900-01-21 08:57:15,7901.0,276713,7901.5,236768,670601,109046,561555,39945,0.5
1900-01-21 08:57:30,7895.0,1004551,7895.5,701617,280439,886384,-605945,302934,0.5
1900-01-21 08:57:45,7909.5,22839,7910.0,96988,679050,511745,167305,-74149,0.5
1900-01-21 08:58:00,7909.0,88960,7909.5,299730,1801345,912497,888848,-210770,0.5
1900-01-21 08:58:15,7907.5,100373,7908.0,21838,404007,518941,-114934,78535,0.5
1900-01-21 08:58:30,7914.5,463952,7915.0,97465,3077788,169260,2908528,366487,0.5
1900-01-21 08:58:45,7905.5,31072,7906.0,224401,722914,152424,570490,-193329,0.5
1900-01-21 08:59:00,7910.5,284085,7911.0,461887,204534,361445,-156911,-177802,0.5
1900-01-21 08:59:15,7901.0,324718,7901.5,399179,288123,466006,-177883,-74461,0.5
1900-01-21 08:59:30,7899.5,502322,7900.0,112633,264710,198855,65855,389689,0.5
1900-01-21 08:59:45,7903.5,241384,7904.0,466288,128853,62542,66311,-224904,0.5
1900-01-21 09:00:00,7903.5,493036,7904.0,222582,472665,229648,243017,270454,0.5
1900-01-21 09:00:15,7917.0,106673,7918.0,128773,393760,76690,317070,-22100,1.0
1900-01-21 09:00:30,7923.5,1484786,7924.0,394736,590707,209444,381263,1090050,0.5
1900-01-21 09:00:45,7933.5,68058,7934.0,175126,1095032,104228,990804,-107068,0.5
1900-01-21 09:01:00,7932.0,1525,7932.5,23606,512526,365312,147214,-22081,0.5
1900-01-21 09:01:15,7935.5,6000,7938.0,188544,594490,310644,283846,-182544,2.5
1900-01-21 09:01:30,7946.0,427615,7946.5,22503,1488672,144358,1344314,405112,0.5
1900-01-21 09:01:45,7949.0,5983,7949.5,20161,784799,358832,425967,-14178,0.5
1900-01-21 09:02:00,7955.0,5316477,7955.5,51365,858452,1235606,-377154,5265112,0.5
1900-01-21 09:02:15,7941.0,27341,7941.5,382055,2031224,777103,1254121,-354714,0.5
1900-01-21 09:02:30,7949.0,69607,7949.5,4854,226279,307595,-81316,64753,0.5
1900-01-21 09:02:45,7953.5,212110,7954.0,6268,420484,154023,266461,205842,0.5
1900-01-21 09:03:00,7944.5,287731,7945.0,494610,231239,286102,-54863,-206879,0.5
1900-01-21 09:03:15,7933.0,54938,7933.5,1536589,72089,720896,-648807,-1481651,0.5
1900-01-21 09:03:30,7925.0,1509333,7925.5,2737,79344,448317,-368973,1506596,0.5
1900-01-21 09:03:45,7928.0,255696,7928.5,221775,628975,2969951,-2340976,33921,0.5
1900-01-21 09:04:00,7914.0,5239,7915.0,7999,161217,317887,-156670,-2760,1.0
1900-01-21 09:04:15,7900.5,15682,7901.0,234527,110926,888965,-778039,-218845,0.5
1900-01-21 09:04:30,7896.0,774823,7896.5,28926,405352,556721,-151369,745897,0.5
1900-01-21 09:04:45,7903.0,15548,7903.5,1145302,398064,442327,-44263,-1129754,0.5
1900-01-21 09:05:00,7902.5,38029,7903.0,9498,788426,206014,582412,28531,0.5
1900-01-21 09:05:15,7901.0,332,7901.5,514763,369144,272683,96461,-514431,0.5
1900-01-21 09:05:30,7905.5,653685,7906.0,124976,658923,171661,487262,528709,0.5
1900-01-21 09:05:45,7899.5,14937,7900.0,4939212,233124,296840,-63716,-4924275,0.5
1900-01-21 09:06:00,7888.0,2941,7888.5,25,556763,270915,285848,2916,0.5
1900-01-21 09:06:15,7886.0,20056,7886.5,121617,303615,2581650,-2278035,-101561,0.5
1900-01-21 09:06:30,7889.0,13475,7889.5,16891,714059,326363,387696,-3416,0.5
1900-01-21 09:06:45,7888.0,125378,7888.5,1426233,77104,203238,-126134,-1300855,0.5
1900-01-21 09:07:00,7886.5,252176,7887.0,1308088,27940,110763,-82823,-1055912,0.5
1900-01-21 09:07:15,7882.0,331127,7882.5,382166,32700,199561,-166861,-51039,0.5
1900-01-21 09:07:30,7882.0,38379,7882.5,299240,927811,430274,497537,-260861,0.5
1900-01-21 09:07:45,7870.0,1193826,7871.5,10912,367840,1366938,-999098,1182914,1.5
1900-01-21 09:08:00,7878.5,326104,7879.0,57220,1179297,50769,1128528,268884,0.5
1900-01-21 09:08:15,7878.0,24402,7878.5,362184,477701,244210,233491,-337782,0.5
1900-01-21 09:08:30,7887.5,114306,7888.0,106780,326352,379317,-52965,7526,0.5
1900-01-21 09:08:45,7887.5,195393,7888.0,1515040,541941,46092,495849,-1319647,0.5
1900-01-21 09:09:00,7885.5,123212,7886.0,900554,105891,142456,-36565,-777342,0.5
1900-01-21 09:09:15,7883.5,19208,7884.0,596200,37607,58082,-20475,-576992,0.5
1900-01-21 09:09:30,7889.0,606429,7889.5,16015,157961,45130,112831,590414,0.5
1900-01-21 09:09:45,7892.5,53244,7893.0,988376,604031,19620,584411,-935132,0.5
1900-01-21 09:10:00,7890.5,554427,7891.0,221533,202139,83082,119057,332894,0.5
1900-01-21 09:10:15,7887.5,3519,7888.0,347719,53553,106082,-52529,-344200,0.5
1900-01-21 09:10:30,7887.0,47909,7887.5,1046025,38012,243497,-205485,-998116,0.5
1900-01-21 09:10:45,7887.0,40201,7887.5,1314404,59106,91228,-32122,-1274203,0.5
1900-01-21 09:11:00,7884.0,708173,7884.5,63778,201966,45659,156307,644395,0.5
1900-01-21 09:11:15,7884.0,31535,7884.5,1059195,37861,108894,-71033,-1027660,0.5
1900-01-21 09:11:30,7878.0,3494,7878.5,1626307,18060,70909,-52849,-1622813,0.5
1900-01-21 09:11:45,7870.0,352579,7870.5,625156,22670,227426,-204756,-272577,0.5
1900-01-21 09:12:00,7870.0,308052,7870.5,371842,71697,102961,-31264,-63790,0.5
1900-01-21 09:12:15,7876.5,675843,7877.0,49671,308507,47392,261115,626172,0.5
1900-01-21 09:12:30,7877.0,473368,7877.5,753076,142864,16680,126184,-279708,0.5
1900-01-21 09:12:45,7876.5,47886,7877.0,1230586,22900,94017,-71117,-1182700,0.5
1900-01-21 09:13:00,7876.5,170282,7877.0,1089934,12544,30992,-18448,-919652,0.5
1900-01-21 09:13:15,7876.5,162127,7877.0,1481154,17690,16819,871,-1319027,0.5
1900-01-21 09:13:30,7875.5,366157,7876.0,671476,15326,49004,-33678,-305319,0.5
1900-01-21 09:13:45,7877.5,539103,7878.0,74992,565158,7964,557194,464111,0.5
1900-01-21 09:14:00,7879.5,500036,7880.0,298553,166400,34116,132284,201483,0.5
1900-01-21 09:14:15,7880.5,693245,7881.0,4470,42131,27952,14179,688775,0.5
1900-01-21 09:14:30,7881.5,582304,7882.0,107637,366636,3870,362766,474667,0.5
1900-01-21 09:14:45,7883.0,542392,7883.5,37457,176458,2000,174458,504935,0.5
1900-01-21 09:15:00,7881.5,41515,7882.0,1422530,92162,125713,-33551,-1381015,0.5
1900-01-21 09:15:15,7875.5,69702,7876.0,834614,90306,101856,-11550,-764912,0.5
1900-01-21 09:15:30,7873.0,74,7873.5,1212818,654,279394,-278740,-1212744,0.5
1900-01-21 09:15:45,7861.0,237989,7861.5,212517,74251,1529155,-1454904,25472,0.5
1900-01-21 09:16:00,7861.0,645390,7861.5,58216,282789,221505,61284,587174,0.5
1900-01-21 09:16:15,7861.0,293307,7861.5,370592,92560,396010,-303450,-77285,0.5
1900-01-21 09:16:30,7860.0,388026,7860.5,60367,164780,227455,-62675,327659,0.5
1900-01-21 09:16:45,7859.0,564935,7859.5,678306,28923,2151729,-2122806,-113371,0.5
1900-01-21 09:17:00,7853.0,96993,7853.5,1005514,23119,264123,-241004,-908521,0.5
1900-01-21 09:17:15,7843.0,25268,7843.5,1021935,59691,509555,-449864,-996667,0.5
1900-01-21 09:17:30,7852.5,89354,7853.0,900954,477760,127528,350232,-811600,0.5
1900-01-21 09:17:45,7852.5,289100,7853.0,382224,306054,766687,-460633,-93124,0.5
1900-01-21 09:18:00,7855.5,489424,7856.0,135459,244548,25534,219014,353965,0.5
1900-01-21 09:18:15,7848.0,7690,7848.5,519000,359641,224119,135522,-511310,0.5
1900-01-21 09:18:30,7842.0,85783,7842.5,868640,32934,100316,-67382,-782857,0.5
1900-01-21 09:18:45,7840.5,211687,7841.0,567078,60881,344137,-283256,-355391,0.5
1900-01-21 09:19:00,7853.0,193278,7853.5,85966,491721,53664,438057,107312,0.5
1900-01-21 09:19:15,7853.0,106516,7853.5,793377,216373,68553,147820,-686861,0.5
1900-01-21 09:19:30,7848.0,111112,7848.5,158,120736,243590,-122854,110954,0.5
1900-01-21 09:19:45,7845.5,492,7846.0,404602,263176,35827,227349,-404110,0.5
1900-01-21 09:20:00,7842.5,28627,7843.0,640505,65667,1404286,-1338619,-611878,0.5
1900-01-21 09:20:15,7835.0,1688670,7835.5,47900,37971,742708,-704737,1640770,0.5
1900-01-21 09:20:30,7839.0,446020,7839.5,21151,693417,61692,631725,424869,0.5
1900-01-21 09:20:45,7840.5,451121,7841.0,154344,334074,16078,317996,296777,0.5
1900-01-21 09:21:00,7846.5,962905,7847.0,21838,527659,9640,518019,941067,0.5
1900-01-21 09:21:15,7850.0,139904,7850.5,22958,153243,34899,118344,116946,0.5
1900-01-21 09:21:30,7844.5,69370,7845.0,313741,290189,159415,130774,-244371,0.5
1900-01-21 09:21:45,7852.0,347109,7852.5,98623,476087,61878,414209,248486,0.5
1900-01-21 09:22:00,7855.0,197522,7855.5,300313,339686,108150,231536,-102791,0.5
1900-01-21 09:22:15,7856.0,1203,7856.5,2413,411612,13646,397966,-1210,0.5
1900-01-21 09:22:30,7858.5,311754,7859.0,215372,567934,326698,241236,96382,0.5
1900-01-21 09:22:45,7858.5,185573,7859.0,568124,43789,109046,-65257,-382551,0.5
1900-01-21 09:23:00,7855.0,10567,7855.5,598078,22783,82698,-59915,-587511,0.5
1900-01-21 09:23:15,7854.5,578372,7855.0,739342,497708,222820,274888,-160970,0.5
1900-01-21 09:23:30,7854.5,205513,7855.0,781769,32804,25796,7008,-576256,0.5
1900-01-21 09:23:45,7854.5,347322,7855.0,1011377,58100,28475,29625,-664055,0.5
1900-01-21 09:24:00,7854.5,403160,7855.0,237254,132784,13911,118873,165906,0.5
1900-01-21 09:24:15,7863.5,651501,7864.0,19867,473834,2388,471446,631634,0.5
1900-01-21 09:24:30,7864.5,1031541,7865.0,149159,723674,260018,463656,882382,0.5
1900-01-21 09:24:45,7868.0,784500,7868.5,651092,271667,144866,126801,133408,0.5
1900-01-21 09:25:00,7868.5,256643,7869.0,620269,393641,229092,164549,-363626,0.5
1900-01-21 09:25:15,7865.5,25431,7866.0,772970,63762,107249,-43487,-747539,0.5
1900-01-21 09:25:30,7863.0,997110,7863.5,42958,15644,128145,-112501,954152,0.5
1900-01-21 09:25:45,7868.0,491865,7868.5,210283,314904,23120,291784,281582,0.5
1900-01-21 09:26:00,7868.0,1307125,7868.5,101980,201692,72000,129692,1205145,0.5
1900-01-21 09:26:15,7874.5,577294,7875.0,121546,199005,66056,132949,455748,0.5
1900-01-21 09:26:30,7874.5,176705,7875.0,697900,187840,58349,129491,-521195,0.5
1900-01-21 09:26:45,7879.5,113642,7880.0,718044,62821,105224,-42403,-604402,0.5
1900-01-21 09:27:00,7879.5,372094,7880.0,194594,298326,176100,122226,177500,0.5
1900-01-21 09:27:15,7882.0,191462,7882.5,600144,103620,70891,32729,-408682,0.5
1900-01-21 09:27:30,7879.0,651922,7879.5,508990,40118,191793,-151675,142932,0.5
1900-01-21 09:27:45,7888.0,47122,7888.5,666064,287478,145357,142121,-618942,0.5
1900-01-21 09:28:00,7888.0,653599,7888.5,260331,12284,166913,-154629,393268,0.5
1900-01-21 09:28:15,7889.5,1053094,7890.0,355436,432538,159093,273445,697658,0.5
1900-01-21 09:28:30,7892.0,424234,7892.5,357116,182694,23462,159232,67118,0.5
1900-01-21 09:28:45,7899.5,115799,7900.0,671186,297639,158270,139369,-555387,0.5
1900-01-21 09:29:00,7900.0,322451,7900.5,571503,199538,595527,-395989,-249052,0.5
1900-01-21 09:29:15,7896.5,348631,7897.0,464007,16186,629424,-613238,-115376,0.5
1900-01-21 09:29:30,7896.5,64884,7897.0,645740,17034,109466,-92432,-580856,0.5
1900-01-21 09:29:45,7896.0,31215,7896.5,837989,146022,343525,-197503,-806774,0.5
1900-01-21 09:30:00,7892.5,596206,7893.0,568472,85359,148460,-63101,27734,0.5
1900-01-21 09:30:15,7892.5,107975,7893.0,267448,212072,154508,57564,-159473,0.5
1900-01-21 09:30:30,7892.0,71071,7892.5,610755,1026,26944,-25918,-539684,0.5
1900-01-21 09:30:45,7890.0,93012,7890.5,414534,1380,167832,-166452,-321522,0.5
1900-01-21 09:31:00,7887.0,5608,7887.5,151255,282,113387,-113105,-145647,0.5
1900-01-21 09:31:15,7885.0,1432139,7885.5,465846,26728,150199,-123471,966293,0.5
1900-01-21 09:31:30,7885.0,545748,7885.5,564336,9474,946437,-936963,-18588,0.5
1900-01-21 09:31:45,7884.5,4341,7885.0,1016724,22632,724857,-702225,-1012383,0.5
1900-01-21 09:32:00,7867.0,165050,7867.5,484312,2592,954497,-951905,-319262,0.5
1900-01-21 09:32:15,7868.0,666403,7868.5,300244,421736,137496,284240,366159,0.5
1900-01-21 09:32:30,7871.5,158540,7872.0,609507,324364,284934,39430,-450967,0.5
1900-01-21 09:32:45,7871.5,72253,7872.0,1090174,30670,47545,-16875,-1017921,0.5
1900-01-21 09:33:00,7870.0,87568,7870.5,1102849,18319,143579,-125260,-1015281,0.5
1900-01-21 09:33:15,7863.5,379052,7864.0,447157,16716,83024,-66308,-68105,0.5
1900-01-21 09:33:30,7863.5,58700,7864.0,890969,2202,65020,-62818,-832269,0.5
1900-01-21 09:33:45,7863.5,33558,7864.0,968460,100959,129536,-28577,-934902,0.5
1900-01-21 09:34:00,7860.5,12394,7861.0,1050915,22506,258902,-236396,-1038521,0.5
1900-01-21 09:34:15,7857.5,1104680,7858.0,144398,355688,379971,-24283,960282,0.5
1900-01-21 09:34:30,7857.5,555948,7858.0,250081,192343,820,191523,305867,0.5
1900-01-21 09:34:45,7862.0,275114,7862.5,68457,128318,15860,112458,206657,0.5
1900-01-21 09:35:00,7864.5,955898,7865.0,238086,271785,1300,270485,717812,0.5
1900-01-21 09:35:15,7867.0,5607,7867.5,724633,108021,60424,47597,-719026,0.5
1900-01-21 09:35:30,7863.5,315,7864.0,197365,54000,167195,-113195,-197050,0.5
1900-01-21 09:35:45,7862.5,879913,7863.0,183156,245544,7363,238181,696757,0.5
1900-01-21 09:36:00,7864.5,956153,7865.0,67727,377070,12526,364544,888426,0.5
1900-01-21 09:36:15,7873.5,861969,7874.0,92983,205261,2040,203221,768986,0.5
1900-01-21 09:36:30,7874.5,1164331,7875.0,26368,255722,960,254762,1137963,0.5
1900-01-21 09:36:45,7879.5,259200,7880.0,83918,126635,21166,105469,175282,0.5
1900-01-21 09:37:00,7887.0,750567,7887.5,521605,250690,35536,215154,228962,0.5
1900-01-21 09:37:15,7882.5,713614,7883.0,453835,118987,195893,-76906,259779,0.5
1900-01-21 09:37:30,7882.5,630590,7883.0,374101,8883,150443,-141560,256489,0.5
1900-01-21 09:37:45,7887.5,1213795,7888.0,35764,298742,38967,259775,1178031,0.5
1900-01-21 09:38:00,7893.5,942083,7894.0,67170,1039499,30266,1009233,874913,0.5
1900-01-21 09:38:15,7902.0,214527,7903.0,81056,2259715,40024,2219691,133471,1.0
1900-01-21 09:38:30,7906.5,422945,7907.0,605754,637074,119308,517766,-182809,0.5
1900-01-21 09:38:45,7897.0,293689,7897.5,706838,60812,798160,-737348,-413149,0.5
1900-01-21 09:39:00,7903.0,1032524,7903.5,299691,59736,74034,-14298,732833,0.5
1900-01-21 09:39:15,7909.5,371039,7910.0,193238,432461,23810,408651,177801,0.5
1900-01-21 09:39:30,7910.0,189277,7910.5,746387,320021,224403,95618,-557110,0.5
1900-01-21 09:39:45,7909.5,23785,7910.0,884603,14176,186018,-171842,-860818,0.5
1900-01-21 09:40:00,7908.0,1128765,7908.5,321184,65978,313917,-247939,807581,0.5
1900-01-21 09:40:15,7909.5,1153629,7910.0,120260,354566,91736,262830,1033369,0.5
1900-01-21 09:40:30,7913.5,1190952,7914.0,109794,200645,21851,178794,1081158,0.5
1900-01-21 09:40:45,7925.5,2737,7926.0,99598,2270956,12282,2258674,-96861,0.5
1900-01-21 09:41:00,7918.0,6681,7918.5,49276,303234,646840,-343606,-42595,0.5
1900-01-21 09:41:15,7907.5,1050525,7908.0,436983,126544,264165,-137621,613542,0.5
1900-01-21 09:41:30,7914.5,847653,7915.0,200506,586184,215410,370774,647147,0.5
1900-01-21 09:41:45,7923.5,72728,7924.0,895186,224862,355173,-130311,-822458,0.5
1900-01-21 09:42:00,7913.0,411642,7913.5,542687,226968,200170,26798,-131045,0.5
1900-01-21 09:42:15,7906.0,30691,7906.5,919930,61579,318478,-256899,-889239,0.5
1900-01-21 09:42:30,7909.5,1060246,7910.0,72364,122283,230248,-107965,987882,0.5
1900-01-21 09:42:45,7907.5,480857,7908.0,479946,173109,182160,-9051,911,0.5
1900-01-21 09:43:00,7919.5,63014,7920.0,745176,115435,44130,71305,-682162,0.5
1900-01-21 09:43:15,7914.0,300818,7914.5,559353,56620,93677,-37057,-258535,0.5
1900-01-21 09:43:30,7916.5,500,7917.0,557518,69650,16727,52923,-557018,0.5
1900-01-21 09:43:45,7919.0,257354,7919.5,360691,194130,24897,169233,-103337,0.5
1900-01-21 09:44:00,7915.0,10000,7919.5,12845,947763,41512,906251,-2845,4.5
1900-01-21 09:44:15,7922.0,284965,7922.5,28753,318703,78750,239953,256212,0.5
1900-01-21 09:44:30,7929.0,351424,7929.5,335500,333092,66284,266808,15924,0.5
1900-01-21 09:44:45,7928.0,524167,7928.5,301683,106096,270163,-164067,222484,0.5
1900-01-21 09:45:00,7934.5,77067,7935.0,187827,585435,182371,403064,-110760,0.5
1900-01-21 09:45:15,7935.0,790446,7935.5,109077,578784,88291,490493,681369,0.5
1900-01-21 09:45:30,7935.0,1010268,7935.5,82639,132257,170071,-37814,927629,0.5
1900-01-21 09:45:45,7935.0,284238,7935.5,109597,262518,282593,-20075,174641,0.5
1900-01-21 09:46:00,7927.5,36368,7928.0,5711,85004,357791,-272787,30657,0.5
1900-01-21 09:46:15,7921.0,37628,7921.5,422812,11865,192481,-180616,-385184,0.5
1900-01-21 09:46:30,7916.5,62957,7917.0,623948,120382,86832,33550,-560991,0.5
1900-01-21 09:46:45,7916.5,186717,7917.0,590287,120886,374278,-253392,-403570,0.5
1900-01-21 09:47:00,7912.0,28060,7912.5,302349,190130,177098,13032,-274289,0.5
1900-01-21 09:47:15,7907.5,99449,7908.0,50,15664,462475,-446811,99399,0.5
1900-01-21 09:47:30,7898.5,67014,7899.0,15348,27986,458130,-430144,51666,0.5
1900-01-21 09:47:45,7904.5,882437,7905.0,364597,313680,315628,-1948,517840,0.5
1900-01-21 09:48:00,7909.0,2848,7909.5,668920,414998,196898,218100,-666072,0.5
1900-01-21 09:48:15,7899.5,188543,7900.0,724999,24201,100013,-75812,-536456,0.5
1900-01-21 09:48:30,7899.5,596843,7900.0,1574110,76976,274178,-197202,-977267,0.5
1900-01-21 09:48:45,7900.0,725862,7900.5,567,49529,266963,-217434,725295,0.5
1900-01-21 09:49:00,7902.5,7087,7903.0,527470,144814,34490,110324,-520383,0.5
1900-01-21 09:49:15,7910.0,159716,7910.5,876912,236609,32548,204061,-717196,0.5
1900-01-21 09:49:30,7910.0,468816,7910.5,782518,63132,65028,-1896,-313702,0.5
1900-01-21 09:49:45,7910.0,4063,7910.5,894735,958,197745,-196787,-890672,0.5
1900-01-21 09:50:00,7912.0,280114,7912.5,17713,133441,26149,107292,262401,0.5
1900-01-21 09:50:15,7923.5,25,7924.0,167233,319378,47909,271469,-167208,0.5
1900-01-21 09:50:30,7922.0,318778,7922.5,587463,36278,325504,-289226,-268685,0.5
1900-01-21 09:50:45,7924.5,373685,7925.0,3435,301981,60079,241902,370250,0.5
1900-01-21 09:51:00,7933.5,503951,7934.0,295833,491339,62249,429090,208118,0.5
1900-01-21 09:51:15,7937.5,236562,7938.0,96076,273615,58025,215590,140486,0.5
1900-01-21 09:51:30,7930.0,17515,7930.5,670084,88944,473892,-384948,-652569,0.5
1900-01-21 09:51:45,7917.5,49069,7918.0,127374,13490,162613,-149123,-78305,0.5
1900-01-21 09:52:00,7921.5,1049389,7922.0,28088,275700,121777,153923,1021301,0.5
1900-01-21 09:52:15,7937.5,13310,7938.0,23227,846642,5194,841448,-9917,0.5
1900-01-21 09:52:30,7934.5,493822,7935.0,259385,572167,85268,486899,234437,0.5
1900-01-21 09:52:45,7938.0,514274,7938.5,129322,340333,91230,249103,384952,0.5
1900-01-21 09:53:00,7938.0,235403,7938.5,377308,90834,139057,-48223,-141905,0.5
1900-01-21 09:53:15,7931.5,748046,7932.0,196375,38392,54843,-16451,551671,0.5
1900-01-21 09:53:30,7932.0,1302008,7932.5,202001,72526,4234,68292,1100007,0.5
1900-01-21 09:53:45,7938.0,313387,7938.5,161619,286552,79331,207221,151768,0.5
1900-01-21 09:54:00,7941.0,243522,7941.5,24962,81790,14856,66934,218560,0.5
1900-01-21 09:54:15,7938.5,522824,7939.0,132162,648791,162537,486254,390662,0.5
1900-01-21 09:54:30,7938.5,482847,7939.0,113013,66383,216356,-149973,369834,0.5
1900-01-21 09:54:45,7941.5,25,7942.0,142335,274125,29265,244860,-142310,0.5
1900-01-21 09:55:00,7939.0,758600,7939.5,37093,220865,18863,202002,721507,0.5
1900-01-21 09:55:15,7942.5,612099,7943.0,209193,138114,36475,101639,402906,0.5
1900-01-21 09:55:30,7935.5,148062,7936.0,355213,114909,444465,-329556,-207151,0.5
1900-01-21 09:55:45,7931.0,68985,7931.5,65071,17315,163588,-146273,3914,0.5
1900-01-21 09:56:00,7924.0,998284,7924.5,35491,105988,502608,-396620,962793,0.5
1900-01-21 09:56:15,7925.5,36142,7926.0,475200,151954,53693,98261,-439058,0.5
1900-01-21 09:56:30,7920.5,4145,7921.0,816221,20266,69182,-48916,-812076,0.5
1900-01-21 09:56:45,7917.5,481710,7918.0,508482,45752,60547,-14795,-26772,0.5
1900-01-21 09:57:00,7920.0,350212,7921.5,1468,311190,61575,249615,348744,1.5
1900-01-21 09:57:15,7925.5,1080733,7926.0,7937,86738,107952,-21214,1072796,0.5
1900-01-21 09:57:30,7929.5,734087,7930.0,38787,122204,19092,103112,695300,0.5
1900-01-21 09:57:45,7922.5,47007,7923.0,284063,26062,47686,-21624,-237056,0.5
1900-01-21 09:58:00,7911.0,733780,7911.5,307026,15518,387584,-372066,426754,0.5
1900-01-21 09:58:15,7911.0,295247,7911.5,695660,135837,548421,-412584,-400413,0.5
1900-01-21 09:58:30,7899.5,2000,7900.0,987130,173838,680742,-506904,-985130,0.5
1900-01-21 09:58:45,7906.0,272531,7906.5,401102,295209,388472,-93263,-128571,0.5
1900-01-21 09:59:00,7906.0,113120,7906.5,1464468,105836,211598,-105762,-1351348,0.5
1900-01-21 09:59:15,7904.0,558487,7904.5,186585,121686,700459,-578773,371902,0.5
1900-01-21 09:59:30,7909.5,128212,7910.0,683848,188061,38048,150013,-555636,0.5
1900-01-21 09:59:45,7909.5,534867,7910.0,420962,144154,19274,124880,113905,0.5
1900-01-21 10:00:00,7909.5,528729,7910.0,567400,329139,4742,324397,-38671,0.5
1900-01-21 10:00:15,7914.0,365833,7914.5,7340,570416,25704,544712,358493,0.5
1900-01-21 10:00:30,7916.5,435523,7917.0,285921,173110,82432,90678,149602,0.5
1900-01-21 10:00:45,7916.5,261622,7917.0,405331,96960,360644,-263684,-143709,0.5
1900-01-21 10:01:00,7918.0,342256,7918.5,879657,180858,22586,158272,-537401,0.5
1900-01-21 10:01:15,7919.0,461335,7919.5,705655,312082,24298,287784,-244320,0.5
1900-01-21 10:01:30,7919.0,545701,7919.5,606228,305475,305628,-153,-60527,0.5
1900-01-21 10:01:45,7917.0,57797,7917.5,960517,53200,315979,-262779,-902720,0.5
1900-01-21 10:02:00,7913.5,2019,7914.0,1073021,54176,116057,-61881,-1071002,0.5
1900-01-21 10:02:15,7911.5,27053,7912.0,882593,14207,63865,-49658,-855540,0.5
1900-01-21 10:02:30,7908.0,61518,7908.5,969480,4292,165391,-161099,-907962,0.5
1900-01-21 10:02:45,7902.0,725068,7902.5,306545,3264,154426,-151162,418523,0.5
1900-01-21 10:03:00,7902.0,540715,7902.5,164385,161549,86244,75305,376330,0.5
1900-01-21 10:03:15,7904.0,230443,7904.5,570081,78497,27357,51140,-339638,0.5
1900-01-21 10:03:30,7907.0,146929,7907.5,791633,34401,141804,-107403,-644704,0.5
1900-01-21 10:03:45,7904.5,981804,7905.0,140759,44103,53702,-9599,841045,0.5
1900-01-21 10:04:00,7904.5,840744,7905.0,155330,118544,49385,69159,685414,0.5
1900-01-21 10:04:15,7906.0,1018427,7906.5,53595,60012,17868,42144,964832,0.5
1900-01-21 10:04:30,7904.5,58783,7905.0,931235,59944,44864,15080,-872452,0.5
1900-01-21 10:04:45,7904.5,950674,7905.0,181670,44372,15868,28504,769004,0.5
1900-01-21 10:05:00,7904.5,819720,7905.0,186324,16336,8804,7532,633396,0.5
1900-01-21 10:05:15,7907.5,259557,7908.0,22283,113346,11102,102244,237274,0.5
1900-01-21 10:05:30,7907.5,230195,7908.0,908130,39641,1554,38087,-677935,0.5
1900-01-21 10:05:45,7908.5,990886,7909.0,226064,12688,32549,-19861,764822,0.5
1900-01-21 10:06:00,7908.5,931982,7909.0,14385,27770,32549,-4779,917597,0.5
1900-01-21 10:06:15,7910.0,953680,7910.5,3233,172834,65993,106841,950447,0.5
1900-01-21 10:06:30,7915.0,167910,7915.5,773429,119142,67630,51512,-605519,0.5
1900-01-21 10:06:45,7914.5,72600,7915.0,982153,30803,7138,23665,-909553,0.5
1900-01-21 10:07:00,7916.5,613583,7917.0,45723,34922,6166,28756,567860,0.5
1900-01-21 10:07:15,7923.0,1528253,7923.5,3076,132178,18910,113268,1525177,0.5
1900-01-21 10:07:30,7924.5,714375,7925.0,749284,129157,44909,84248,-34909,0.5
1900-01-21 10:07:45,7924.5,460985,7925.0,566801,42642,109067,-66425,-105816,0.5
1900-01-21 10:08:00,7924.5,1078427,7925.0,73334,228507,8430,220077,1005093,0.5
1900-01-21 10:08:15,7927.0,1234940,7927.5,71823,53840,33522,20318,1163117,0.5
1900-01-21 10:08:30,7932.5,950814,7933.0,79249,208958,14072,194886,871565,0.5
1900-01-21 10:08:45,7932.5,410808,7933.0,705210,214277,121604,92673,-294402,0.5
1900-01-21 10:09:00,7933.0,525073,7933.5,783400,104984,76389,28595,-258327,0.5
1900-01-21 10:09:15,7933.0,398092,7933.5,722122,83719,52938,30781,-324030,0.5
1900-01-21 10:09:30,7933.0,1024452,7933.5,44604,136260,10675,125585,979848,0.5
1900-01-21 10:09:45,7936.5,304280,7937.0,522025,181006,15672,165334,-217745,0.5
1900-01-21 10:10:00,7936.5,331784,7937.0,561818,271398,89249,182149,-230034,0.5
1900-01-21 10:10:15,7932.0,61572,7932.5,680462,25091,373086,-347995,-618890,0.5
1900-01-21 10:10:30,7931.5,6824,7932.0,845167,74644,65502,9142,-838343,0.5
1900-01-21 10:10:45,7937.5,282077,7938.0,130253,473520,103233,370287,151824,0.5
1900-01-21 10:11:00,7944.0,112047,7946.5,126046,429112,18373,410739,-13999,2.5
1900-01-21 10:11:15,7951.0,842119,7951.5,173098,547154,61299,485855,669021,0.5
1900-01-21 10:11:30,7959.5,308525,7960.0,154903,621266,533962,87304,153622,0.5
1900-01-21 10:11:45,7955.0,195522,7955.5,296076,644282,543333,100949,-100554,0.5
1900-01-21 10:12:00,7957.0,322139,7957.5,379174,205012,242210,-37198,-57035,0.5
1900-01-21 10:12:15,7962.0,247469,7962.5,213503,298266,111248,187018,33966,0.5
1900-01-21 10:12:30,7962.5,221762,7963.0,177437,105494,373901,-268407,44325,0.5
1900-01-21 10:12:45,7964.5,688341,7965.0,286768,269625,82139,187486,401573,0.5
1900-01-21 10:13:00,7977.0,86887,7977.5,1031,771264,800431,-29167,85856,0.5
1900-01-21 10:13:15,7945.5,14580,7946.0,4257,376768,484261,-107493,10323,0.5
1900-01-21 10:13:30,7956.5,1530844,7957.0,668449,173630,167175,6455,862395,0.5
1900-01-21 10:13:45,7956.5,1355506,7957.0,413057,250968,169669,81299,942449,0.5
1900-01-21 10:14:00,7956.5,1286061,7957.0,73827,655863,40470,615393,1212234,0.5
1900-01-21 10:14:15,7964.5,539658,7965.0,559773,1643956,209993,1433963,-20115,0.5
1900-01-21 10:14:30,7962.5,176521,7963.0,467341,454533,699203,-244670,-290820,0.5
1900-01-21 10:14:45,7965.0,251499,7965.5,562852,833204,113736,719468,-311353,0.5
1900-01-21 10:15:00,7959.0,137580,7959.5,490208,298567,138699,159868,-352628,0.5
1900-01-21 10:15:15,7957.0,305140,7957.5,466368,104932,319956,-215024,-161228,0.5
1900-01-21 10:15:30,7951.0,868575,7951.5,63945,15372,230704,-215332,804630,0.5
1900-01-21 10:15:45,7952.0,125997,7952.5,575079,58811,153362,-94551,-449082,0.5
1900-01-21 10:16:00,7945.0,43011,7948.0,550162,12449,164314,-151865,-507151,3.0
1900-01-21 10:16:15,7942.5,1065090,7943.0,100898,4250,439464,-435214,964192,0.5
1900-01-21 10:16:30,7940.0,267457,7940.5,471153,142969,124706,18263,-203696,0.5
1900-01-21 10:16:45,7931.0,35868,7931.5,19503,16614,412184,-395570,16365,0.5
1900-01-21 10:17:00,7939.0,944780,7939.5,14867,205784,462380,-256596,929913,0.5
1900-01-21 10:17:15,7947.5,440613,7948.0,1033205,810012,122712,687300,-592592,0.5
