time,bid,bidSize,ask,askSize,buyMO,sellMO,buySellImb,orderImb,spread
1900-01-22 00:00:00,8010.5,17142,8011.0,28881,63687,171808,-108121,-11739,0.5
1900-01-22 00:00:15,8011.0,808160,8011.5,96250,181278,72424,108854,711910,0.5
1900-01-22 00:00:30,8020.5,702368,8021.0,2403,160161,14974,145187,699965,0.5
1900-01-22 00:00:45,8023.5,362931,8024.0,30678,49928,56605,-6677,332253,0.5
1900-01-22 00:01:00,8025.5,962516,8026.0,9533,276727,12163,264564,952983,0.5
1900-01-22 00:01:15,8031.0,632617,8031.5,8611,444170,59962,384208,624006,0.5
1900-01-22 00:01:30,8033.0,268260,8033.5,742559,515563,3004,512559,-474299,0.5
1900-01-22 00:01:45,8025.0,1239140,8025.5,316316,42383,134347,-91964,922824,0.5
1900-01-22 00:02:00,8031.5,27268,8032.0,7518,162358,27804,134554,19750,0.5
1900-01-22 00:02:15,8033.5,928248,8034.0,82674,146679,29182,117497,845574,0.5
1900-01-22 00:02:30,8034.5,1763388,8035.0,911740,583939,71964,511975,851648,0.5
1900-01-22 00:02:45,8024.0,10453,8024.5,429903,154799,123949,30850,-419450,0.5
1900-01-22 00:03:00,8024.0,844962,8024.5,225550,27366,89924,-62558,619412,0.5
1900-01-22 00:03:15,8034.5,965004,8035.0,1214805,321781,6240,315541,-249801,0.5
1900-01-22 00:03:30,8039.0,284199,8039.5,70199,445632,24064,421568,214000,0.5
1900-01-22 00:03:45,8040.0,483396,8040.5,408941,223859,18711,205148,74455,0.5
1900-01-22 00:04:00,8041.0,946714,8041.5,3901,234561,18698,215863,942813,0.5
1900-01-22 00:04:15,8041.5,833489,8042.0,18786,58053,247306,-189253,814703,0.5
1900-01-22 00:04:30,8043.5,798425,8044.0,102972,144450,22665,121785,695453,0.5
1900-01-22 00:04:45,8037.0,104822,8037.5,325114,204385,371307,-166922,-220292,0.5
1900-01-22 00:05:00,8037.0,38048,8037.5,385582,166251,158307,7944,-347534,0.5
1900-01-22 00:05:15,8037.5,887904,8038.0,130110,193454,109129,84325,757794,0.5
1900-01-22 00:05:30,8045.0,171084,8045.5,127235,213299,9770,203529,43849,0.5
1900-01-22 00:05:45,8041.5,1115181,8042.0,1351,32499,57512,-25013,1113830,0.5
1900-01-22 00:06:00,8044.0,315683,8044.5,329443,85376,22262,63114,-13760,0.5
1900-01-22 00:06:15,8044.0,434839,8044.5,475126,71324,65660,5664,-40287,0.5
1900-01-22 00:06:30,8038.0,20000,8038.5,41496,37985,84632,-46647,-21496,0.5
1900-01-22 00:06:45,8035.5,104187,8036.0,46,37728,157846,-120118,104141,0.5
1900-01-22 00:07:00,8033.5,9731,8034.0,248795,148062,62226,85836,-239064,0.5
1900-01-22 00:07:15,8030.5,125979,8031.0,382159,10021,245965,-235944,-256180,0.5
1900-01-22 00:07:30,8030.5,50248,8031.0,511404,2105,37744,-35639,-461156,0.5
1900-01-22 00:07:45,8032.0,471841,8032.5,21103,56471,3500,52971,450738,0.5
1900-01-22 00:08:00,8042.0,208375,8042.5,55863,80674,32991,47683,152512,0.5
1900-01-22 00:08:15,8042.0,795069,8042.5,117984,101906,9325,92581,677085,0.5
1900-01-22 00:08:30,8049.0,248476,8049.5,62363,132209,8905,123304,186113,0.5
1900-01-22 00:08:45,8049.0,493270,8049.5,241418,164899,6212,158687,251852,0.5
1900-01-22 00:09:00,8049.5,522069,8050.0,52580,128228,62956,65272,469489,0.5
1900-01-22 00:09:15,8050.5,26457,8051.0,560629,104395,15651,88744,-534172,0.5
1900-01-22 00:09:30,8048.0,81520,8048.5,495141,89356,85812,3544,-413621,0.5
1900-01-22 00:09:45,8044.0,203246,8044.5,551591,116386,120940,-4554,-348345,0.5
1900-01-22 00:10:00,8047.5,90599,8048.0,20199,107055,75079,31976,70400,0.5
1900-01-22 00:10:15,8049.0,646277,8049.5,52440,89239,10709,78530,593837,0.5
1900-01-22 00:10:30,8062.5,76962,8064.0,8559,259048,4893,254155,68403,1.5
1900-01-22 00:10:45,8067.5,77455,8068.0,192073,95947,17710,78237,-114618,0.5
1900-01-22 00:11:00,8052.0,526983,8052.5,108097,27609,460245,-432636,418886,0.5
1900-01-22 00:11:15,8061.0,94280,8061.5,10075,72893,48127,24766,84205,0.5
1900-01-22 00:11:30,8058.5,336768,8059.0,74048,125898,27027,98871,262720,0.5
1900-01-22 00:11:45,8057.0,590627,8057.5,177821,69860,62990,6870,412806,0.5
1900-01-22 00:12:00,8052.0,230009,8052.5,615099,71249,115095,-43846,-385090,0.5
1900-01-22 00:12:15,8053.5,266882,8054.0,350130,4781,47061,-42280,-83248,0.5
1900-01-22 00:12:30,8049.5,24907,8050.0,339179,7674,72686,-65012,-314272,0.5
1900-01-22 00:12:45,8044.0,17301,8044.5,488614,154,185354,-185200,-471313,0.5
1900-01-22 00:13:00,8043.0,4260,8043.5,42668,31696,359625,-327929,-38408,0.5
1900-01-22 00:13:15,8039.0,80638,8039.5,169086,30310,231764,-201454,-88448,0.5
1900-01-22 00:13:30,8036.5,818549,8037.0,257309,22681,238485,-215804,561240,0.5
1900-01-22 00:13:45,8036.5,380112,8037.0,655718,49224,3284,45940,-275606,0.5
1900-01-22 00:14:00,8036.5,780763,8037.0,71801,92990,16769,76221,708962,0.5
1900-01-22 00:14:15,8039.5,477830,8040.0,220594,52243,5835,46408,257236,0.5
1900-01-22 00:14:30,8039.5,641582,8040.0,452250,22353,3905,18448,189332,0.5
1900-01-22 00:14:45,8040.0,268486,8040.5,509189,32869,7807,25062,-240703,0.5
1900-01-22 00:15:00,8040.0,162920,8040.5,820270,11627,25373,-13746,-657350,0.5
1900-01-22 00:15:15,8040.0,324657,8040.5,644427,10269,78215,-67946,-319770,0.5
1900-01-22 00:15:30,8040.0,284802,8040.5,935564,10899,90852,-79953,-650762,0.5
1900-01-22 00:15:45,8040.0,311663,8040.5,731284,9993,12358,-2365,-419621,0.5
1900-01-22 00:16:00,8040.0,230045,8040.5,859535,560,78982,-78422,-629490,0.5
1900-01-22 00:16:15,8038.0,666119,8038.5,321244,1240,68795,-67555,344875,0.5
1900-01-22 00:16:30,8038.0,303249,8038.5,998971,3513,66228,-62715,-695722,0.5
1900-01-22 00:16:45,8036.5,115058,8037.0,774271,1802,63689,-61887,-659213,0.5
1900-01-22 00:17:00,8028.0,23619,8028.5,43304,17872,317337,-299465,-19685,0.5
1900-01-22 00:17:15,8021.5,253224,8022.0,222087,8800,329478,-320678,31137,0.5
1900-01-22 00:17:30,8022.5,251297,8023.0,12387,91554,58177,33377,238910,0.5
1900-01-22 00:17:45,8019.0,184324,8019.5,1287566,20681,339582,-318901,-1103242,0.5
1900-01-22 00:18:00,8020.0,11500,8022.5,33587,119580,299007,-179427,-22087,2.5
1900-01-22 00:18:15,8024.5,387909,8025.0,317607,161319,44823,116496,70302,0.5
1900-01-22 00:18:30,8029.5,368982,8030.0,253960,130769,4298,126471,115022,0.5
1900-01-22 00:18:45,8024.5,165336,8025.0,895997,38899,97876,-58977,-730661,0.5
1900-01-22 00:19:00,8022.5,22,8023.0,1078492,22600,56920,-34320,-1078470,0.5
1900-01-22 00:19:15,8019.5,72056,8020.0,1161179,12090,156866,-144776,-1089123,0.5
1900-01-22 00:19:30,8018.5,491002,8019.0,283502,10934,17563,-6629,207500,0.5
1900-01-22 00:19:45,8020.0,552274,8020.5,109086,46415,57896,-11481,443188,0.5
1900-01-22 00:20:00,8020.0,565194,8020.5,86136,55647,15199,40448,479058,0.5
1900-01-22 00:20:15,8020.0,674261,8020.5,30444,18985,31466,-12481,643817,0.5
1900-01-22 00:20:30,8022.5,492578,8023.0,51126,99457,6001,93456,441452,0.5
1900-01-22 00:20:45,8020.0,78955,8020.5,999474,36123,28635,7488,-920519,0.5
1900-01-22 00:21:00,8015.0,72214,8015.5,720225,8511,81799,-73288,-648011,0.5
1900-01-22 00:21:15,8012.5,320430,8013.0,294987,5500,109708,-104208,25443,0.5
1900-01-22 00:21:30,8012.0,24176,8012.5,1269860,70753,99854,-29101,-1245684,0.5
1900-01-22 00:21:45,8008.5,75830,8009.0,719058,25507,185638,-160131,-643228,0.5
1900-01-22 00:22:00,8008.0,664825,8008.5,54474,37067,63653,-26586,610351,0.5
1900-01-22 00:22:15,8012.0,451550,8012.5,352405,57492,61064,-3572,99145,0.5
1900-01-22 00:22:30,8009.0,282365,8009.5,524417,34476,92943,-58467,-242052,0.5
1900-01-22 00:22:45,8000.0,1168189,8000.5,557774,89967,466190,-376223,610415,0.5
1900-01-22 00:23:00,8014.5,201585,8015.0,432453,429423,137494,291929,-230868,0.5
1900-01-22 00:23:15,8014.5,998638,8015.0,27743,166837,13270,153567,970895,0.5
1900-01-22 00:23:30,8018.0,120517,8018.5,646374,50043,54585,-4542,-525857,0.5
1900-01-22 00:23:45,8018.0,691470,8018.5,113727,62381,28120,34261,577743,0.5
1900-01-22 00:24:00,8018.0,527172,8018.5,207076,22167,14465,7702,320096,0.5
1900-01-22 00:24:15,8017.0,155461,8017.5,754353,9608,82437,-72829,-598892,0.5
1900-01-22 00:24:30,8008.0,5600,8009.0,18199,21728,69775,-48047,-12599,1.0
1900-01-22 00:24:45,8007.0,960744,8007.5,19121,19348,124627,-105279,941623,0.5
1900-01-22 00:25:00,8010.5,32912,8011.0,3633063,14490,39246,-24756,-3600151,0.5
1900-01-22 00:25:15,8010.0,2349,8010.5,884463,15272,46093,-30821,-882114,0.5
1900-01-22 00:25:30,8008.0,623088,8008.5,33975,2519,48313,-45794,589113,0.5
1900-01-22 00:25:45,8011.5,871855,8012.0,47923,111194,1073,110121,823932,0.5
1900-01-22 00:26:00,8017.0,136628,8017.5,702765,123653,11029,112624,-566137,0.5
1900-01-22 00:26:15,8017.0,298600,8017.5,833968,20472,226,20246,-535368,0.5
1900-01-22 00:26:30,8016.5,980,8017.0,798696,35099,6672,28427,-797716,0.5
1900-01-22 00:26:45,8014.0,38812,8014.5,149674,23408,50115,-26707,-110862,0.5
1900-01-22 00:27:00,8012.5,23183,8013.0,780505,8391,32108,-23717,-757322,0.5
1900-01-22 00:27:15,8010.0,239777,8010.5,736055,136,17070,-16934,-496278,0.5
1900-01-22 00:27:30,8001.5,571438,8002.0,380224,11021,132525,-121504,191214,0.5
1900-01-22 00:27:45,8000.0,414449,8000.5,992111,18062,666241,-648179,-577662,0.5
1900-01-22 00:28:00,8000.0,1062888,8000.5,1101754,59001,447664,-388663,-38866,0.5
1900-01-22 00:28:15,8009.5,778047,8010.0,323733,150933,12820,138113,454314,0.5
1900-01-22 00:28:30,8009.5,757726,8010.0,137689,202844,7002,195842,620037,0.5
1900-01-22 00:28:45,8011.5,927085,8012.0,106716,90072,7911,82161,820369,0.5
1900-01-22 00:29:00,8015.0,564457,8015.5,427813,77444,5210,72234,136644,0.5
1900-01-22 00:29:15,8015.0,166165,8015.5,622194,60940,47390,13550,-456029,0.5
1900-01-22 00:29:30,8018.0,1142053,8018.5,141967,77061,14389,62672,1000086,0.5
1900-01-22 00:29:45,8018.0,839774,8018.5,109546,225695,1650,224045,730228,0.5
1900-01-22 00:30:00,8019.5,879334,8020.0,118241,83713,25037,58676,761093,0.5
1900-01-22 00:30:15,8027.0,404981,8027.5,5449,142047,48563,93484,399532,0.5
1900-01-22 00:30:30,8027.0,382038,8027.5,547099,57404,34754,22650,-165061,0.5
1900-01-22 00:30:45,8027.0,594061,8027.5,442157,59270,53980,5290,151904,0.5
1900-01-22 00:31:00,8023.0,1906,8023.5,644525,27990,75675,-47685,-642619,0.5
1900-01-22 00:31:15,8012.0,1056749,8012.5,392666,3088,240925,-237837,664083,0.5
1900-01-22 00:31:30,8012.0,888699,8012.5,664510,5207,244118,-238911,224189,0.5
1900-01-22 00:31:45,8012.5,1464836,8013.0,14373,16612,924,15688,1450463,0.5
1900-01-22 00:32:00,8013.5,939132,8014.0,248920,34750,12996,21754,690212,0.5
1900-01-22 00:32:15,8013.0,1073,8013.5,661805,3346,176324,-172978,-660732,0.5
1900-01-22 00:32:30,8011.0,48189,8011.5,678335,1100,19912,-18812,-630146,0.5
1900-01-22 00:32:45,8010.0,79495,8010.5,650276,6100,26205,-20105,-570781,0.5
1900-01-22 00:33:00,8000.0,11508,8000.5,1161853,28243,157955,-129712,-1150345,0.5
1900-01-22 00:33:15,7990.5,974050,7991.0,329361,6831,534806,-527975,644689,0.5
1900-01-22 00:33:30,7990.5,156182,7991.0,887694,41910,422554,-380644,-731512,0.5
1900-01-22 00:33:45,7993.0,183143,7993.5,802904,68973,98991,-30018,-619761,0.5
1900-01-22 00:34:00,7982.5,121315,7983.0,546957,35224,315298,-280074,-425642,0.5
1900-01-22 00:34:15,7982.5,125833,7983.0,847402,20701,190390,-169689,-721569,0.5
1900-01-22 00:34:30,7980.0,553515,7980.5,1093314,47807,1208657,-1160850,-539799,0.5
1900-01-22 00:34:45,7950.0,111601,7950.5,44043,6915,1442007,-1435092,67558,0.5
1900-01-22 00:35:00,7934.5,33552,7945.0,183749,170158,1471405,-1301247,-150197,10.5
1900-01-22 00:35:15,7962.5,105,7963.5,18000,785423,304336,481087,-17895,1.0
1900-01-22 00:35:30,7965.0,495604,7965.5,130030,749278,167692,581586,365574,0.5
1900-01-22 00:35:45,7968.5,873155,7969.0,515347,530158,21159,508999,357808,0.5
1900-01-22 00:36:00,7966.5,318641,7967.0,430697,571546,107852,463694,-112056,0.5
1900-01-22 00:36:15,7954.0,121954,7954.5,181073,10426,109625,-99199,-59119,0.5
1900-01-22 00:36:30,7964.5,1019539,7965.0,211496,158268,145304,12964,808043,0.5
1900-01-22 00:36:45,7965.5,1415084,7966.0,93378,418707,39328,379379,1321706,0.5
1900-01-22 00:37:00,7970.0,340661,7970.5,260900,312596,14433,298163,79761,0.5
1900-01-22 00:37:15,7960.5,76006,7961.0,7496,150585,60081,90504,68510,0.5
1900-01-22 00:37:30,7964.5,219353,7965.0,333627,35572,34112,1460,-114274,0.5
1900-01-22 00:37:45,7957.0,48144,7957.5,3044,13952,242713,-228761,45100,0.5
1900-01-22 00:38:00,7958.5,25130,7959.0,467839,61665,31164,30501,-442709,0.5
1900-01-22 00:38:15,7957.5,347628,7958.0,152170,25854,444871,-419017,195458,0.5
1900-01-22 00:38:30,7950.5,18571,7951.0,63722,135500,209797,-74297,-45151,0.5
1900-01-22 00:38:45,7947.0,619842,7947.5,192447,60684,342502,-281818,427395,0.5
1900-01-22 00:39:00,7952.5,725104,7953.0,108153,87454,209788,-122334,616951,0.5
1900-01-22 00:39:15,7939.5,9123,7940.0,105566,32723,385214,-352491,-96443,0.5
1900-01-22 00:39:30,7948.5,662888,7949.0,43798,131494,64815,66679,619090,0.5
1900-01-22 00:39:45,7938.0,898668,7938.5,100505,58667,99732,-41065,798163,0.5
1900-01-22 00:40:00,7946.5,15315,7947.0,341395,114314,54227,60087,-326080,0.5
1900-01-22 00:40:15,7950.0,519652,7950.5,21388,28594,169775,-141181,498264,0.5
1900-01-22 00:40:30,7950.0,870803,7950.5,148783,80882,4938,75944,722020,0.5
1900-01-22 00:40:45,7952.5,1256603,7953.0,52194,149951,13111,136840,1204409,0.5
1900-01-22 00:41:00,7952.5,38184,7953.0,1560,52514,59306,-6792,36624,0.5
1900-01-22 00:41:15,7950.0,56488,7950.5,1028825,7006,75022,-68016,-972337,0.5
1900-01-22 00:41:30,7946.0,468317,7946.5,188177,48921,68347,-19426,280140,0.5
1900-01-22 00:41:45,7946.0,448685,7946.5,436459,43741,168242,-124501,12226,0.5
1900-01-22 00:42:00,7946.5,297045,7947.0,559623,75627,152361,-76734,-262578,0.5
1900-01-22 00:42:15,7946.5,595197,7947.0,516259,21079,11216,9863,78938,0.5
1900-01-22 00:42:30,7938.0,681959,7938.5,309426,54731,712267,-657536,372533,0.5
1900-01-22 00:42:45,7933.5,1369,7934.0,709447,6064,420635,-414571,-708078,0.5
1900-01-22 00:43:00,7936.5,251306,7937.0,12991,122710,413175,-290465,238315,0.5
1900-01-22 00:43:15,7944.5,27521,7945.0,96050,375043,42518,332525,-68529,0.5
1900-01-22 00:43:30,7939.0,381024,7939.5,861332,5051,8496,-3445,-480308,0.5
1900-01-22 00:43:45,7938.5,355,7939.0,683854,16176,50671,-34495,-683499,0.5
1900-01-22 00:44:00,7946.5,346854,7947.0,340461,264605,27067,237538,6393,0.5
1900-01-22 00:44:15,7946.5,721102,7947.0,286134,44622,13902,30720,434968,0.5
1900-01-22 00:44:30,7942.5,178243,7943.0,403558,59890,25336,34554,-225315,0.5
1900-01-22 00:44:45,7949.0,115257,7949.5,472244,202792,38175,164617,-356987,0.5
1900-01-22 00:45:00,7947.0,337026,7947.5,211940,110351,52559,57792,125086,0.5
1900-01-22 00:45:15,7954.0,777251,7954.5,230537,78313,14678,63635,546714,0.5
1900-01-22 00:45:30,7959.5,1566636,7960.0,12027,95378,3368,92010,1554609,0.5
1900-01-22 00:45:45,7961.5,489787,7962.0,4669,164383,10640,153743,485118,0.5
1900-01-22 00:46:00,7962.0,126156,7962.5,237360,126109,118534,7575,-111204,0.5
1900-01-22 00:46:15,7960.0,748690,7960.5,79715,65683,178401,-112718,668975,0.5
1900-01-22 00:46:30,7961.0,478171,7961.5,24608,115181,92738,22443,453563,0.5
1900-01-22 00:46:45,7965.0,6349,7965.5,45707,54609,1700,52909,-39358,0.5
1900-01-22 00:47:00,7965.0,624538,7965.5,75782,36830,9974,26856,548756,0.5
1900-01-22 00:47:15,7965.0,2102566,7965.5,77819,127773,28011,99762,2024747,0.5
1900-01-22 00:47:30,7956.5,184669,7957.0,858368,23400,76609,-53209,-673699,0.5
1900-01-22 00:47:45,7951.5,12000,7952.0,46751,178109,299693,-121584,-34751,0.5
1900-01-22 00:48:00,7951.5,802774,7952.0,10008,104058,45614,58444,792766,0.5
1900-01-22 00:48:15,7951.5,970246,7952.0,2232,74859,202,74657,968014,0.5
1900-01-22 00:48:30,7956.5,142487,7957.0,700,45148,2741,42407,141787,0.5
1900-01-22 00:48:45,7960.0,282610,7960.5,441688,53326,54085,-759,-159078,0.5
1900-01-22 00:49:00,7955.5,122087,7956.0,342338,7207,100355,-93148,-220251,0.5
1900-01-22 00:49:15,7954.5,9120,7955.0,620528,14136,30455,-16319,-611408,0.5
1900-01-22 00:49:30,7951.0,659067,7951.5,69075,11217,130405,-119188,589992,0.5
1900-01-22 00:49:45,7955.5,486964,7956.0,72868,14653,19522,-4869,414096,0.5
1900-01-22 00:50:00,7955.5,120995,7956.0,336567,44316,13710,30606,-215572,0.5
1900-01-22 00:50:15,7952.5,977,7953.0,980561,804,12276,-11472,-979584,0.5
1900-01-22 00:50:30,7952.0,10263,7952.5,1045989,13888,30578,-16690,-1035726,0.5
1900-01-22 00:50:45,7950.0,9726,7950.5,933742,21002,400114,-379112,-924016,0.5
1900-01-22 00:51:00,7947.5,406,7948.0,1191142,8240,82139,-73899,-1190736,0.5
1900-01-22 00:51:15,7947.0,219822,7947.5,55878,58101,17787,40314,163944,0.5
1900-01-22 00:51:30,7948.5,238885,7949.0,2065,25198,7403,17795,236820,0.5
1900-01-22 00:51:45,7957.5,42714,7958.0,1044693,14496,12971,1525,-1001979,0.5
1900-01-22 00:52:00,7957.5,124591,7958.0,764375,60161,485,59676,-639784,0.5
1900-01-22 00:52:15,7953.0,26152,7953.5,265440,52690,19001,33689,-239288,0.5
1900-01-22 00:52:30,7955.0,213690,7955.5,662473,178,47327,-47149,-448783,0.5
1900-01-22 00:52:45,7954.0,31910,7954.5,706401,3892,33389,-29497,-674491,0.5
1900-01-22 00:53:00,7950.0,10972,7950.5,890030,11238,8376,2862,-879058,0.5
1900-01-22 00:53:15,7947.0,125068,7947.5,40300,4009,40403,-36394,84768,0.5
1900-01-22 00:53:30,7946.0,8935,7946.5,664400,410,151944,-151534,-655465,0.5
1900-01-22 00:53:45,7945.0,111052,7945.5,691316,1613,26923,-25310,-580264,0.5
1900-01-22 00:54:00,7942.0,30682,7942.5,889558,21431,77539,-56108,-858876,0.5
1900-01-22 00:54:15,7934.0,6491,7934.5,208385,7715,431244,-423529,-201894,0.5
1900-01-22 00:54:30,7949.0,47351,7949.5,20892,154496,83366,71130,26459,0.5
1900-01-22 00:54:45,7949.0,160540,7949.5,544343,41114,12027,29087,-383803,0.5
1900-01-22 00:55:00,7949.0,397425,7949.5,780824,9978,130864,-120886,-383399,0.5
1900-01-22 00:55:15,7944.0,50444,7944.5,657792,216,8446,-8230,-607348,0.5
1900-01-22 00:55:30,7935.0,56662,7935.5,727885,3851,37224,-33373,-671223,0.5
1900-01-22 00:55:45,7933.0,244490,7933.5,154389,27453,144501,-117048,90101,0.5
1900-01-22 00:56:00,7935.0,719164,7935.5,98872,123818,655222,-531404,620292,0.5
1900-01-22 00:56:15,7937.0,416669,7938.0,106,35039,23368,11671,416563,1.0
1900-01-22 00:56:30,7935.5,508625,7936.0,23920,21662,225171,-203509,484705,0.5
1900-01-22 00:56:45,7938.0,1001632,7938.5,21411,72580,107721,-35141,980221,0.5
1900-01-22 00:57:00,7938.0,740835,7938.5,170505,15457,102350,-86893,570330,0.5
1900-01-22 00:57:15,7944.0,80341,7944.5,828120,57780,34353,23427,-747779,0.5
1900-01-22 00:57:30,7944.5,1023461,7945.0,10914,131472,59894,71578,1012547,0.5
1900-01-22 00:57:45,7945.5,932951,7946.0,183976,22519,2654,19865,748975,0.5
1900-01-22 00:58:00,7946.0,1391854,7946.5,28794,184409,2654,181755,1363060,0.5
1900-01-22 00:58:15,7947.0,126897,7947.5,707684,88562,174331,-85769,-580787,0.5
1900-01-22 00:58:30,7945.0,3036,7945.5,785758,5300,191086,-185786,-782722,0.5
1900-01-22 00:58:45,7942.5,617000,7943.0,458911,3441,24645,-21204,158089,0.5
1900-01-22 00:59:00,7942.5,507762,7943.0,471536,37103,11000,26103,36226,0.5
1900-01-22 00:59:15,7942.0,790,7942.5,653645,2672,37836,-35164,-652855,0.5
1900-01-22 00:59:30,7935.0,438811,7935.5,813318,13052,145817,-132765,-374507,0.5
1900-01-22 00:59:45,7944.5,95952,7945.0,667860,248134,40117,208017,-571908,0.5
1900-01-22 01:00:00,7944.0,757,7944.5,74166,46562,10707,35855,-73409,0.5
1900-01-22 01:00:15,7944.0,471552,7944.5,52438,65345,21369,43976,419114,0.5
1900-01-22 01:00:30,7960.0,498111,7960.5,212410,525153,12962,512191,285701,0.5
1900-01-22 01:00:45,7960.0,1125390,7960.5,153762,182080,7031,175049,971628,0.5
1900-01-22 01:01:00,7960.5,433429,7961.0,6566,292377,112017,180360,426863,0.5
1900-01-22 01:01:15,7960.5,314870,7961.0,121704,104044,55139,48905,193166,0.5
1900-01-22 01:01:30,7966.0,863881,7966.5,132584,544456,4000,540456,731297,0.5
1900-01-22 01:01:45,7966.0,970614,7966.5,42073,38538,14750,23788,928541,0.5
1900-01-22 01:02:00,7967.0,1187361,7967.5,7165,21855,2604,19251,1180196,0.5
1900-01-22 01:02:15,7970.0,107380,7970.5,537682,76971,14088,62883,-430302,0.5
1900-01-22 01:02:30,7984.5,264465,7985.0,820369,329358,38795,290563,-555904,0.5
1900-01-22 01:02:45,7974.5,460322,7975.0,93146,67255,471675,-404420,367176,0.5
1900-01-22 01:03:00,7980.5,311711,7981.0,560438,58189,113964,-55775,-248727,0.5
1900-01-22 01:03:15,7976.0,570583,7976.5,423331,111764,198811,-87047,147252,0.5
1900-01-22 01:03:30,7976.5,1421421,7977.0,83341,36517,45988,-9471,1338080,0.5
1900-01-22 01:03:45,7980.0,40641,7980.5,616303,334951,4485,330466,-575662,0.5
1900-01-22 01:04:00,7980.0,852036,7980.5,88570,14107,59069,-44962,763466,0.5
1900-01-22 01:04:15,7983.0,470440,7983.5,685,159366,10464,148902,469755,0.5
1900-01-22 01:04:30,7984.5,1341000,7985.0,120163,98608,1003,97605,1220837,0.5
1900-01-22 01:04:45,7984.5,637592,7985.0,651397,87537,10141,77396,-13805,0.5
1900-01-22 01:05:00,7981.0,803,7981.5,1299356,214967,101993,112974,-1298553,0.5
1900-01-22 01:05:15,7980.0,1242456,7980.5,66847,71250,44112,27138,1175609,0.5
1900-01-22 01:05:30,7984.0,792864,7984.5,196468,48836,30503,18333,596396,0.5
1900-01-22 01:05:45,7984.5,1228412,7985.0,176036,67473,82079,-14606,1052376,0.5
1900-01-22 01:06:00,7988.0,150667,7988.5,647122,141254,28096,113158,-496455,0.5
1900-01-22 01:06:15,7983.5,3803,7984.0,295608,24610,103667,-79057,-291805,0.5
1900-01-22 01:06:30,7981.0,999548,7981.5,99870,27699,35135,-7436,899678,0.5
1900-01-22 01:06:45,7980.5,62204,7981.0,761791,40754,57856,-17102,-699587,0.5
1900-01-22 01:07:00,7978.0,723,7978.5,628613,61642,155776,-94134,-627890,0.5
1900-01-22 01:07:15,7975.0,1027925,7975.5,398488,8251,290632,-282381,629437,0.5
1900-01-22 01:07:30,7975.0,1253721,7975.5,3037,14281,9738,4543,1250684,0.5
1900-01-22 01:07:45,7975.0,1111595,7975.5,288184,14065,660,13405,823411,0.5
1900-01-22 01:08:00,7975.0,193241,7975.5,223402,66207,18356,47851,-30161,0.5
1900-01-22 01:08:15,7973.5,251497,7974.0,526152,100,70967,-70867,-274655,0.5
1900-01-22 01:08:30,7970.5,3602,7971.0,678867,3225,240453,-237228,-675265,0.5
1900-01-22 01:08:45,7966.5,409039,7967.0,273925,206,232698,-232492,135114,0.5
1900-01-22 01:09:00,7966.5,521733,7967.0,256297,177877,120450,57427,265436,0.5
1900-01-22 01:09:15,7968.5,752490,7969.0,265826,84338,3221,81117,486664,0.5
1900-01-22 01:09:30,7973.0,88125,7973.5,697246,84588,15671,68917,-609121,0.5
1900-01-22 01:09:45,7972.0,41025,7972.5,1091290,22060,31090,-9030,-1050265,0.5
1900-01-22 01:10:00,7966.5,13492,7967.0,447189,15632,60852,-45220,-433697,0.5
1900-01-22 01:10:15,7966.5,21936,7967.0,386638,60676,6957,53719,-364702,0.5
1900-01-22 01:10:30,7966.0,289371,7966.5,815137,58379,41439,16940,-525766,0.5
1900-01-22 01:10:45,7966.0,417751,7966.5,489691,58379,49482,8897,-71940,0.5
1900-01-22 01:11:00,7969.0,842965,7969.5,9722,7352,50700,-43348,833243,0.5
1900-01-22 01:11:15,7974.5,101264,7975.0,1433031,51228,14519,36709,-1331767,0.5
1900-01-22 01:11:30,7974.5,70452,7975.0,1171466,56529,28591,27938,-1101014,0.5
1900-01-22 01:11:45,7974.5,18303,7975.0,1291423,12710,16421,-3711,-1273120,0.5
1900-01-22 01:12:00,7966.5,23,7967.0,890220,12710,69564,-56854,-890197,0.5
1900-01-22 01:12:15,7962.0,499569,7962.5,395621,6371,19003,-12632,103948,0.5
1900-01-22 01:12:30,7964.5,569300,7965.0,183864,38909,2512,36397,385436,0.5
1900-01-22 01:12:45,7964.5,508044,7965.0,204015,109101,15773,93328,304029,0.5
1900-01-22 01:13:00,7961.0,14960,7961.5,902848,11812,33611,-21799,-887888,0.5
1900-01-22 01:13:15,7959.5,22553,7960.0,1044827,1017,19839,-18822,-1022274,0.5
1900-01-22 01:13:30,7957.0,393632,7957.5,370646,10233,111875,-101642,22986,0.5
1900-01-22 01:13:45,7964.5,552954,7965.0,217758,193323,14073,179250,335196,0.5
1900-01-22 01:14:00,7960.5,46,7961.0,474460,7490,55820,-48330,-474414,0.5
1900-01-22 01:14:15,7959.5,39959,7960.0,635582,3052,12080,-9028,-595623,0.5
1900-01-22 01:14:30,7959.5,529534,7960.0,28111,167394,2212,165182,501423,0.5
1900-01-22 01:14:45,7962.5,777703,7963.0,150007,94590,8100,86490,627696,0.5
1900-01-22 01:15:00,7962.5,208417,7963.0,700233,8670,251,8419,-491816,0.5
1900-01-22 01:15:15,7963.5,453120,7964.0,515140,35256,18942,16314,-62020,0.5
1900-01-22 01:15:30,7963.0,179147,7963.5,869066,2599,40469,-37870,-689919,0.5
1900-01-22 01:15:45,7961.0,435775,7961.5,601194,8000,10184,-2184,-165419,0.5
1900-01-22 01:16:00,7961.0,437991,7961.5,537657,26418,111358,-84940,-99666,0.5
1900-01-22 01:16:15,7961.0,205238,7961.5,1092510,10300,1810,8490,-887272,0.5
1900-01-22 01:16:30,7960.5,367741,7961.0,602160,2720,74621,-71901,-234419,0.5
1900-01-22 01:16:45,7960.5,423584,7961.0,469649,1,49129,-49128,-46065,0.5
1900-01-22 01:17:00,7967.5,224463,7968.0,18875,297894,89322,208572,205588,0.5
1900-01-22 01:17:15,7969.5,168702,7970.0,1218372,142677,20226,122451,-1049670,0.5
1900-01-22 01:17:30,7969.5,319513,7970.0,1267487,17100,9883,7217,-947974,0.5
1900-01-22 01:17:45,7973.5,197142,7974.0,1011652,45683,18391,27292,-814510,0.5
1900-01-22 01:18:00,7974.5,611020,7975.0,1039,58625,25459,33166,609981,0.5
1900-01-22 01:18:15,7976.5,613008,7977.0,62541,377209,1745,375464,550467,0.5
1900-01-22 01:18:30,7978.0,382556,7978.5,758753,56102,50991,5111,-376197,0.5
1900-01-22 01:18:45,7978.0,890921,7978.5,158550,13830,24400,-10570,732371,0.5
1900-01-22 01:19:00,7978.0,62630,7978.5,881799,2386,179929,-177543,-819169,0.5
1900-01-22 01:19:15,7977.0,290206,7977.5,581842,15064,62015,-46951,-291636,0.5
1900-01-22 01:19:30,7974.5,436246,7975.0,129890,1187,33683,-32496,306356,0.5
1900-01-22 01:19:45,7975.5,564770,7976.0,25669,53478,4274,49204,539101,0.5
1900-01-22 01:20:00,7976.0,1057507,7976.5,31147,26456,18515,7941,1026360,0.5
1900-01-22 01:20:15,7976.5,1087697,7977.0,53312,25178,1,25177,1034385,0.5
1900-01-22 01:20:30,7976.5,828035,7977.0,443835,2866,6509,-3643,384200,0.5
1900-01-22 01:20:45,7976.5,67511,7977.0,972931,125435,20994,104441,-905420,0.5
1900-01-22 01:21:00,7976.0,24031,7976.5,997333,6182,24874,-18692,-973302,0.5
1900-01-22 01:21:15,7975.0,63160,7975.5,665047,3287,22745,-19458,-601887,0.5
1900-01-22 01:21:30,7976.0,869604,7976.5,13145,13907,9401,4506,856459,0.5
1900-01-22 01:21:45,7977.5,1028625,7978.0,158782,71782,5385,66397,869843,0.5
1900-01-22 01:22:00,7977.5,569916,7978.0,908560,32477,100100,-67623,-338644,0.5
1900-01-22 01:22:15,7977.5,440221,7978.0,962150,5650,14142,-8492,-521929,0.5
1900-01-22 01:22:30,7977.5,341516,7978.0,941860,16274,158338,-142064,-600344,0.5
1900-01-22 01:22:45,7977.0,25258,7977.5,1079522,1,179760,-179759,-1054264,0.5
1900-01-22 01:23:00,7975.5,12925,7976.0,1026443,4021,26536,-22515,-1013518,0.5
1900-01-22 01:23:15,7975.5,578627,7976.0,490132,2000,5246,-3246,88495,0.5
1900-01-22 01:23:30,7975.5,288619,7976.0,797711,2000,1,1999,-509092,0.5
1900-01-22 01:23:45,7975.5,217405,7976.0,1073060,3500,8553,-5053,-855655,0.5
1900-01-22 01:24:00,7975.5,217331,7976.0,1131022,4068,14000,-9932,-913691,0.5
1900-01-22 01:24:15,7975.5,594218,7976.0,418261,59543,36903,22640,175957,0.5
1900-01-22 01:24:30,7977.5,619992,7978.0,36654,253949,21468,232481,583338,0.5
1900-01-22 01:24:45,7980.0,1320505,7980.5,35599,604290,11651,592639,1284906,0.5
1900-01-22 01:25:00,7984.5,1339620,7985.0,35762,76628,2700,73928,1303858,0.5
1900-01-22 01:25:15,7986.5,273640,7987.0,907580,14040,1467,12573,-633940,0.5
1900-01-22 01:25:30,7984.5,258366,7985.0,542912,8140,47505,-39365,-284546,0.5
1900-01-22 01:25:45,7984.5,59127,7985.0,891171,3301,12625,-9324,-832044,0.5
1900-01-22 01:26:00,7984.5,1256373,7985.0,10476,173064,3339,169725,1245897,0.5
1900-01-22 01:26:15,7985.5,1041100,7986.0,149767,14232,844,13388,891333,0.5
1900-01-22 01:26:30,7987.0,996623,7987.5,105964,142752,28444,114308,890659,0.5
1900-01-22 01:26:45,7989.5,722102,7990.0,28363,163638,33000,130638,693739,0.5
1900-01-22 01:27:00,7996.0,741192,7996.5,525,389466,9139,380327,740667,0.5
1900-01-22 01:27:15,7997.5,937771,7998.0,48349,263231,45847,217384,889422,0.5
1900-01-22 01:27:30,7997.5,274240,7998.0,674447,193080,10653,182427,-400207,0.5
1900-01-22 01:27:45,7997.5,712225,7998.0,19332,34411,6823,27588,692893,0.5
1900-01-22 01:28:00,7997.0,25738,7997.5,613225,15885,32277,-16392,-587487,0.5
1900-01-22 01:28:15,7996.0,29844,7996.5,613589,2000,354356,-352356,-583745,0.5
1900-01-22 01:28:30,7989.5,348518,7990.0,747360,1,120441,-120440,-398842,0.5
1900-01-22 01:28:45,7989.5,209719,7990.0,841968,149898,354845,-204947,-632249,0.5
1900-01-22 01:29:00,7989.5,190403,7990.0,745075,14601,86454,-71853,-554672,0.5
1900-01-22 01:29:15,7986.0,205628,7986.5,567374,2201,92035,-89834,-361746,0.5
1900-01-22 01:29:30,7983.0,113291,7983.5,767348,12908,82557,-69649,-654057,0.5
1900-01-22 01:29:45,7982.0,178547,7982.5,841284,10225,46435,-36210,-662737,0.5
1900-01-22 01:30:00,7982.0,556688,7982.5,361774,175029,17087,157942,194914,0.5
1900-01-22 01:30:15,7979.5,923299,7980.0,289530,8219,38993,-30774,633769,0.5
1900-01-22 01:30:30,7979.5,790845,7980.0,144679,48785,14218,34567,646166,0.5
1900-01-22 01:30:45,7979.5,78345,7980.0,890246,100,142696,-142596,-811901,0.5
1900-01-22 01:31:00,7976.5,22000,7977.0,526404,14810,55302,-40492,-504404,0.5
1900-01-22 01:31:15,7963.5,27065,7964.5,72564,60,49129,-49069,-45499,1.0
1900-01-22 01:31:30,7965.0,722774,7965.5,173859,40116,219740,-179624,548915,0.5
1900-01-22 01:31:45,7967.5,1090665,7968.0,19002,71220,19321,51899,1071663,0.5
1900-01-22 01:32:00,7964.0,117253,7964.5,944905,29062,67527,-38465,-827652,0.5
1900-01-22 01:32:15,7959.5,16862,7960.0,628255,5343,136379,-131036,-611393,0.5
1900-01-22 01:32:30,7957.5,703463,7958.0,166101,8293,140255,-131962,537362,0.5
1900-01-22 01:32:45,7958.0,137785,7958.5,461904,73068,66472,6596,-324119,0.5
1900-01-22 01:33:00,7958.0,74861,7958.5,685103,1121,119932,-118811,-610242,0.5
1900-01-22 01:33:15,7963.0,117153,7963.5,681159,100766,4402,96364,-564006,0.5
1900-01-22 01:33:30,7963.0,20945,7963.5,684514,1000,13572,-12572,-663569,0.5
1900-01-22 01:33:45,7968.0,321453,7968.5,817646,75032,4301,70731,-496193,0.5
1900-01-22 01:34:00,7968.0,54087,7968.5,1192769,956,8763,-7807,-1138682,0.5
1900-01-22 01:34:15,7968.0,23009,7968.5,961360,8443,2749,5694,-938351,0.5
1900-01-22 01:34:30,7969.0,1429141,7969.5,1879,27018,18063,8955,1427262,0.5
1900-01-22 01:34:45,7969.0,630878,7969.5,18185,36800,96746,-59946,612693,0.5
1900-01-22 01:35:00,7969.0,24929,7969.5,605188,52737,13545,39192,-580259,0.5
1900-01-22 01:35:15,7967.5,18281,7968.0,830168,3086,4697,-1611,-811887,0.5
1900-01-22 01:35:30,7967.0,36055,7967.5,867706,2255,120800,-118545,-831651,0.5
1900-01-22 01:35:45,7967.0,1005527,7967.5,79173,32300,15612,16688,926354,0.5
1900-01-22 01:36:00,7967.0,994606,7967.5,12152,68063,26418,41645,982454,0.5
1900-01-22 01:36:15,7967.0,79211,7967.5,836007,13059,7409,5650,-756796,0.5
1900-01-22 01:36:30,7966.0,13103,7966.5,1022610,1,87869,-87868,-1009507,0.5
1900-01-22 01:36:45,7960.5,206423,7961.0,75892,21644,175864,-154220,130531,0.5
1900-01-22 01:37:00,7957.5,276035,7958.0,651691,47297,164831,-117534,-375656,0.5
1900-01-22 01:37:15,7957.5,299614,7958.0,549146,108050,53248,54802,-249532,0.5
1900-01-22 01:37:30,7962.0,485585,7962.5,354221,128027,52343,75684,131364,0.5
1900-01-22 01:37:45,7961.0,80010,7961.5,772119,31339,77795,-46456,-692109,0.5
1900-01-22 01:38:00,7959.5,77611,7960.0,1033529,601,41217,-40616,-955918,0.5
1900-01-22 01:38:15,7959.5,781972,7960.0,288627,24993,42488,-17495,493345,0.5
1900-01-22 01:38:30,7959.5,153567,7960.0,875851,3775,8121,-4346,-722284,0.5
1900-01-22 01:38:45,7959.5,698806,7960.0,182771,40142,1025,39117,516035,0.5
1900-01-22 01:39:00,7959.5,1293164,7960.0,58433,39766,2130,37636,1234731,0.5
1900-01-22 01:39:15,7967.5,264576,7968.0,942289,97631,25550,72081,-677713,0.5
1900-01-22 01:39:30,7967.5,544705,7968.0,383984,2551,10958,-8407,160721,0.5
1900-01-22 01:39:45,7963.5,782,7964.0,448450,11150,20634,-9484,-447668,0.5
1900-01-22 01:40:00,7959.5,21769,7960.0,1327712,2032,103190,-101158,-1305943,0.5
1900-01-22 01:40:15,7953.5,13023,7954.0,592475,236,326910,-326674,-579452,0.5
1900-01-22 01:40:30,7961.0,441394,7961.5,101966,446618,117267,329351,339428,0.5
1900-01-22 01:40:45,7960.0,143,7960.5,1080505,2984,26861,-23877,-1080362,0.5
1900-01-22 01:41:00,7958.0,774101,7958.5,243862,25010,3499,21511,530239,0.5
1900-01-22 01:41:15,7958.0,1279366,7958.5,39786,36264,476,35788,1239580,0.5
1900-01-22 01:41:30,7958.5,895643,7959.0,342949,9770,771,8999,552694,0.5
1900-01-22 01:41:45,7958.5,163834,7959.0,856662,41796,1,41795,-692828,0.5
1900-01-22 01:42:00,7953.0,135295,7953.5,841450,2790,96900,-94110,-706155,0.5
1900-01-22 01:42:15,7940.0,56867,7940.5,29478,13790,422214,-408424,27389,0.5
1900-01-22 01:42:30,7950.0,620627,7950.5,11190,56313,117687,-61374,609437,0.5
1900-01-22 01:42:45,7950.0,741555,7950.5,243273,14325,153314,-138989,498282,0.5
1900-01-22 01:43:00,7951.5,52212,7952.0,967015,354974,50629,304345,-914803,0.5
1900-01-22 01:43:15,7948.5,775969,7949.0,19638,61203,78058,-16855,756331,0.5
1900-01-22 01:43:30,7941.0,430499,7941.5,367128,3222,257007,-253785,63371,0.5
1900-01-22 01:43:45,7938.0,42341,7938.5,608565,56618,365719,-309101,-566224,0.5
1900-01-22 01:44:00,7943.0,729737,7943.5,284889,19615,203841,-184226,444848,0.5
1900-01-22 01:44:15,7938.5,182244,7939.0,532552,65798,223431,-157633,-350308,0.5
1900-01-22 01:44:30,7937.5,462044,7938.0,605,26726,254073,-227347,461439,0.5
1900-01-22 01:44:45,7938.0,91532,7938.5,734051,36895,83993,-47098,-642519,0.5
1900-01-22 01:45:00,7945.5,266740,7946.0,209503,206130,23288,182842,57237,0.5
1900-01-22 01:45:15,7949.5,599187,7950.0,62022,190530,35216,155314,537165,0.5
1900-01-22 01:45:30,7942.0,60128,7942.5,980479,31546,184758,-153212,-920351,0.5
1900-01-22 01:45:45,7943.0,92146,7943.5,739011,103650,13209,90441,-646865,0.5
1900-01-22 01:46:00,7941.5,812904,7942.0,3431,56450,59088,-2638,809473,0.5
1900-01-22 01:46:15,7943.5,825441,7944.0,17844,32125,3772,28353,807597,0.5
1900-01-22 01:46:30,7944.0,547911,7944.5,101198,19358,46201,-26843,446713,0.5
1900-01-22 01:46:45,7944.5,663552,7945.0,74973,39930,1999,37931,588579,0.5
1900-01-22 01:47:00,7942.0,14763,7942.5,1361385,17773,72137,-54364,-1346622,0.5
1900-01-22 01:47:15,7936.0,224823,7936.5,968491,54343,112620,-58277,-743668,0.5
1900-01-22 01:47:30,7933.5,111413,7934.0,1265512,8056,487615,-479559,-1154099,0.5
1900-01-22 01:47:45,7925.5,44870,7926.0,660111,549,246601,-246052,-615241,0.5
1900-01-22 01:48:00,7929.5,778675,7930.0,24553,299444,305633,-6189,754122,0.5
1900-01-22 01:48:15,7925.5,328454,7926.0,227502,181897,284577,-102680,100952,0.5
1900-01-22 01:48:30,7920.0,17069,7920.5,417965,6646,310282,-303636,-400896,0.5
1900-01-22 01:48:45,7922.0,513040,7922.5,201525,177904,433136,-255232,311515,0.5
1900-01-22 01:49:00,7920.0,85812,7920.5,394824,48415,242928,-194513,-309012,0.5
1900-01-22 01:49:15,7909.5,175839,7910.0,127458,35880,1014511,-978631,48381,0.5
1900-01-22 01:49:30,7923.0,4356,7923.5,1318812,287106,166516,120590,-1314456,0.5
1900-01-22 01:49:45,7917.0,285044,7917.5,316596,33539,207792,-174253,-31552,0.5
1900-01-22 01:50:00,7915.0,320499,7915.5,1139226,16142,92958,-76816,-818727,0.5
1900-01-22 01:50:15,7910.5,17778,7911.0,4048,24032,70878,-46846,13730,0.5
1900-01-22 01:50:30,7919.5,261934,7920.0,330896,121730,6701,115029,-68962,0.5
1900-01-22 01:50:45,7927.5,116773,7928.0,29731,353504,74337,279167,87042,0.5
1900-01-22 01:51:00,7934.5,145081,7935.0,1087191,132922,17555,115367,-942110,0.5
1900-01-22 01:51:15,7940.5,348141,7941.0,66236,204747,23524,181223,281905,0.5
1900-01-22 01:51:30,7936.0,398062,7936.5,139055,178173,65513,112660,259007,0.5
1900-01-22 01:51:45,7936.0,938609,7936.5,103720,22739,45554,-22815,834889,0.5
1900-01-22 01:52:00,7939.5,465100,7940.0,526720,177923,28562,149361,-61620,0.5
1900-01-22 01:52:15,7939.5,447174,7940.0,49478,29830,250904,-221074,397696,0.5
1900-01-22 01:52:30,7939.5,417597,7940.0,11247,23517,37640,-14123,406350,0.5
1900-01-22 01:52:45,7940.5,84852,7941.0,681788,92171,26598,65573,-596936,0.5
1900-01-22 01:53:00,7938.0,160115,7938.5,604473,4268,37319,-33051,-444358,0.5
1900-01-22 01:53:15,7936.5,55385,7937.0,888490,14070,812691,-798621,-833105,0.5
1900-01-22 01:53:30,7935.0,319499,7935.5,380370,1200,175904,-174704,-60871,0.5
1900-01-22 01:53:45,7939.0,151628,7939.5,841272,87073,18566,68507,-689644,0.5
1900-01-22 01:54:00,7939.0,285311,7939.5,803762,14094,13679,415,-518451,0.5
1900-01-22 01:54:15,7939.0,138416,7939.5,748623,25599,42499,-16900,-610207,0.5
1900-01-22 01:54:30,7939.0,29856,7939.5,884672,1560,27346,-25786,-854816,0.5
1900-01-22 01:54:45,7936.0,32152,7936.5,696314,2451,14805,-12354,-664162,0.5
1900-01-22 01:55:00,7935.0,26235,7935.5,1254317,31210,37939,-6729,-1228082,0.5
1900-01-22 01:55:15,7929.0,33982,7929.5,947897,15238,96813,-81575,-913915,0.5
1900-01-22 01:55:30,7929.0,121130,7929.5,609235,2892,12602,-9710,-488105,0.5
1900-01-22 01:55:45,7926.0,321711,7926.5,638717,12100,49293,-37193,-317006,0.5
1900-01-22 01:56:00,7926.5,788324,7927.0,64,63962,1371,62591,788260,0.5
1900-01-22 01:56:15,7930.5,30954,7931.0,1049076,10572,73919,-63347,-1018122,0.5
1900-01-22 01:56:30,7932.5,316042,7933.0,18966,107488,7870,99618,297076,0.5
1900-01-22 01:56:45,7932.5,598643,7933.0,1297,3266,29076,-25810,597346,0.5
1900-01-22 01:57:00,7934.5,552495,7935.0,331414,23143,15000,8143,221081,0.5
1900-01-22 01:57:15,7930.0,152,7930.5,1612775,33553,71449,-37896,-1612623,0.5
1900-01-22 01:57:30,7923.5,6889,7924.0,769873,5968,57545,-51577,-762984,0.5
1900-01-22 01:57:45,7922.0,539027,7922.5,78537,64459,24409,40050,460490,0.5
1900-01-22 01:58:00,7925.0,66129,7925.5,507951,100280,46750,53530,-441822,0.5
1900-01-22 01:58:15,7925.0,363861,7925.5,4608,118023,32601,85422,359253,0.5
1900-01-22 01:58:30,7924.5,1772,7925.0,13076,32996,66301,-33305,-11304,0.5
1900-01-22 01:58:45,7936.0,40320,7936.5,17000,104546,30519,74027,23320,0.5
1900-01-22 01:59:00,7937.0,190041,7937.5,374828,215437,168011,47426,-184787,0.5
1900-01-22 01:59:15,7937.0,840768,7937.5,467695,55762,50313,5449,373073,0.5
1900-01-22 01:59:30,7937.0,941464,7937.5,358711,22926,10411,12515,582753,0.5
1900-01-22 01:59:45,7942.0,399619,7942.5,559640,393514,3028,390486,-160021,0.5
1900-01-22 02:00:00,7942.0,172215,7942.5,1094795,33144,27401,5743,-922580,0.5
1900-01-22 02:00:15,7936.5,9307,7937.0,129690,20862,164548,-143686,-120383,0.5
1900-01-22 02:00:30,7931.0,654167,7931.5,9058,139187,82251,56936,645109,0.5
1900-01-22 02:00:45,7932.5,543105,7933.0,75116,277187,89043,188144,467989,0.5
1900-01-22 02:01:00,7933.0,4526,7933.5,327772,23137,54743,-31606,-323246,0.5
1900-01-22 02:01:15,7931.0,4727,7931.5,869473,811,86684,-85873,-864746,0.5
1900-01-22 02:01:30,7930.0,1527,7930.5,1304787,5000,16111,-11111,-1303260,0.5
1900-01-22 02:01:45,7925.0,38064,7925.5,764328,55213,42308,12905,-726264,0.5
1900-01-22 02:02:00,7932.0,329934,7932.5,907619,184653,88497,96156,-577685,0.5
1900-01-22 02:02:15,7929.0,26650,7929.5,587666,12696,133923,-121227,-561016,0.5
1900-01-22 02:02:30,7928.5,1123671,7929.0,65249,226924,17292,209632,1058422,0.5
1900-01-22 02:02:45,7928.5,809814,7929.0,17378,34258,11803,22455,792436,0.5
1900-01-22 02:03:00,7930.5,603239,7931.0,72817,85575,23654,61921,530422,0.5
1900-01-22 02:03:15,7927.5,23390,7928.0,119633,49995,49710,285,-96243,0.5
1900-01-22 02:03:30,7926.5,364053,7927.0,640546,201,19030,-18829,-276493,0.5
1900-01-22 02:03:45,7925.0,688606,7925.5,358814,2131,45042,-42911,329792,0.5
1900-01-22 02:04:00,7923.0,35774,7923.5,1179997,86893,64791,22102,-1144223,0.5
1900-01-22 02:04:15,7918.0,9581,7918.5,546224,3274,141737,-138463,-536643,0.5
1900-01-22 02:04:30,7919.0,844076,7919.5,5122,88017,230230,-142213,838954,0.5
1900-01-22 02:04:45,7915.0,129906,7915.5,443907,47818,185535,-137717,-314001,0.5
1900-01-22 02:05:00,7915.0,382618,7915.5,385681,28067,106379,-78312,-3063,0.5
1900-01-22 02:05:15,7912.0,14011,7912.5,690864,25041,77286,-52245,-676853,0.5
1900-01-22 02:05:30,7907.5,293765,7908.0,11914,34657,323901,-289244,281851,0.5
1900-01-22 02:05:45,7910.5,564785,7911.0,53388,97922,505582,-407660,511397,0.5
1900-01-22 02:06:00,7911.5,672361,7912.0,22913,36817,28959,7858,649448,0.5
1900-01-22 02:06:15,7905.0,62377,7905.5,429862,38489,372291,-333802,-367485,0.5
1900-01-22 02:06:30,7900.0,476760,7900.5,369262,21101,886939,-865838,107498,0.5
1900-01-22 02:06:45,7911.5,74064,7912.0,1185542,90716,36849,53867,-1111478,0.5
1900-01-22 02:07:00,7915.5,85278,7916.0,151117,108054,65292,42762,-65839,0.5
1900-01-22 02:07:15,7911.0,78304,7911.5,389341,122328,171648,-49320,-311037,0.5
1900-01-22 02:07:30,7914.0,107617,7914.5,783171,226977,30336,196641,-675554,0.5
1900-01-22 02:07:45,7913.5,376324,7914.0,517152,9626,34647,-25021,-140828,0.5
1900-01-22 02:08:00,7908.0,193961,7908.5,829617,40327,105747,-65420,-635656,0.5
1900-01-22 02:08:15,7890.0,98459,7890.5,16585,27308,791574,-764266,81874,0.5
1900-01-22 02:08:30,7879.0,40000,7880.0,455337,848443,2204990,-1356547,-415337,1.0
1900-01-22 02:08:45,7889.5,147578,7890.0,199370,296412,555898,-259486,-51792,0.5
1900-01-22 02:09:00,7893.5,156683,7894.0,89450,279898,133934,145964,67233,0.5
1900-01-22 02:09:15,7887.0,32002,7887.5,171484,211934,118979,92955,-139482,0.5
1900-01-22 02:09:30,7882.0,81,7882.5,1349129,28787,361465,-332678,-1349048,0.5
1900-01-22 02:09:45,7882.0,559927,7882.5,457880,231207,405385,-174178,102047,0.5
1900-01-22 02:10:00,7885.5,39556,7886.0,19317,348154,54811,293343,20239,0.5
1900-01-22 02:10:15,7877.5,28004,7878.0,280047,333022,73005,260017,-252043,0.5
1900-01-22 02:10:30,7882.0,521793,7883.0,10132,83886,113748,-29862,511661,1.0
1900-01-22 02:10:45,7887.5,295941,7888.0,605571,124678,74306,50372,-309630,0.5
1900-01-22 02:11:00,7883.0,933193,7883.5,48567,34862,252332,-217470,884626,0.5
1900-01-22 02:11:15,7884.0,210592,7885.0,1402524,48290,60664,-12374,-1191932,1.0
1900-01-22 02:11:30,7884.0,115058,7884.5,854269,17006,79875,-62869,-739211,0.5
1900-01-22 02:11:45,7882.0,104724,7882.5,772842,8376,172307,-163931,-668118,0.5
1900-01-22 02:12:00,7878.5,2203,7879.0,437260,30828,100051,-69223,-435057,0.5
1900-01-22 02:12:15,7858.5,24506,7859.0,92351,25328,681106,-655778,-67845,0.5
1900-01-22 02:12:30,7873.0,66717,7873.5,704647,304506,269978,34528,-637930,0.5
1900-01-22 02:12:45,7861.5,18253,7862.0,210950,115226,129440,-14214,-192697,0.5
1900-01-22 02:13:00,7873.0,304204,7873.5,1494139,438418,66128,372290,-1189935,0.5
1900-01-22 02:13:15,7870.0,103727,7870.5,952559,94544,75567,18977,-848832,0.5
1900-01-22 02:13:30,7866.5,30064,7867.0,39000,83636,134542,-50906,-8936,0.5
1900-01-22 02:13:45,7863.5,9336,7864.0,747971,16506,167018,-150512,-738635,0.5
1900-01-22 02:14:00,7865.0,569109,7865.5,457898,114557,35874,78683,111211,0.5
1900-01-22 02:14:15,7868.0,121242,7868.5,1211396,242380,112307,130073,-1090154,0.5
1900-01-22 02:14:30,7862.5,241843,7863.0,223337,55323,75872,-20549,18506,0.5
1900-01-22 02:14:45,7863.0,370089,7863.5,30767,61497,99133,-37636,339322,0.5
1900-01-22 02:15:00,7865.0,135167,7865.5,378147,302946,18287,284659,-242980,0.5
1900-01-22 02:15:15,7865.0,618057,7865.5,306802,65183,13314,51869,311255,0.5
1900-01-22 02:15:30,7863.5,184127,7864.0,590914,22915,21367,1548,-406787,0.5
1900-01-22 02:15:45,7842.0,36000,7842.5,68351,48368,917293,-868925,-32351,0.5
1900-01-22 02:16:00,7862.5,21671,7863.0,162783,115537,302123,-186586,-141112,0.5
1900-01-22 02:16:15,7861.5,491802,7862.0,428526,173836,37536,136300,63276,0.5
1900-01-22 02:16:30,7866.5,1246540,7867.0,37703,396463,62145,334318,1208837,0.5
1900-01-22 02:16:45,7874.5,93396,7875.0,192940,1631636,30482,1601154,-99544,0.5
1900-01-22 02:17:00,7877.0,11864,7877.5,304906,456574,188719,267855,-293042,0.5
1900-01-22 02:17:15,7883.0,169929,7883.5,865,76457,42067,34390,169064,0.5
1900-01-22 02:17:30,7883.0,18791,7883.5,697027,489804,174123,315681,-678236,0.5
1900-01-22 02:17:45,7884.0,63587,7884.5,52901,77067,166699,-89632,10686,0.5
1900-01-22 02:18:00,7882.0,580841,7882.5,146090,26505,31068,-4563,434751,0.5
1900-01-22 02:18:15,7884.5,1262089,7885.0,49958,78753,17115,61638,1212131,0.5
1900-01-22 02:18:30,7885.0,1403330,7885.5,25825,42652,25657,16995,1377505,0.5
1900-01-22 02:18:45,7890.0,99896,7890.5,78396,449720,77824,371896,21500,0.5
1900-01-22 02:19:00,7898.0,107539,7898.5,821287,92660,144779,-52119,-713748,0.5
1900-01-22 02:19:15,7895.0,181260,7895.5,675393,50010,126505,-76495,-494133,0.5
1900-01-22 02:19:30,7895.0,80345,7895.5,639260,190053,27510,162543,-558915,0.5
1900-01-22 02:19:45,7896.0,351399,7896.5,538270,158498,80061,78437,-186871,0.5
1900-01-22 02:20:00,7896.0,338502,7896.5,548648,96151,19552,76599,-210146,0.5
1900-01-22 02:20:15,7896.0,311613,7896.5,548838,37231,52564,-15333,-237225,0.5
1900-01-22 02:20:30,7894.5,14308,7895.0,883505,7082,175029,-167947,-869197,0.5
1900-01-22 02:20:45,7874.5,83742,7875.0,146812,38660,64306,-25646,-63070,0.5
1900-01-22 02:21:00,7884.5,401627,7885.0,886951,199419,34565,164854,-485324,0.5
1900-01-22 02:21:15,7883.0,845044,7883.5,18970,13749,75811,-62062,826074,0.5
1900-01-22 02:21:30,7884.0,143631,7884.5,946839,45262,150413,-105151,-803208,0.5
1900-01-22 02:21:45,7883.5,554052,7884.0,380532,16017,77276,-61259,173520,0.5
1900-01-22 02:22:00,7883.5,479865,7884.0,150338,120955,32011,88944,329527,0.5
1900-01-22 02:22:15,7883.5,473860,7884.0,580520,21061,8500,12561,-106660,0.5
1900-01-22 02:22:30,7880.0,846894,7880.5,171813,2047,79443,-77396,675081,0.5
1900-01-22 02:22:45,7880.0,669332,7880.5,319874,38977,120000,-81023,349458,0.5
1900-01-22 02:23:00,7881.0,54437,7881.5,25,231785,8051,223734,54412,0.5
1900-01-22 02:23:15,7890.0,482154,7890.5,48151,109363,10000,99363,434003,0.5
1900-01-22 02:23:30,7894.0,792281,7894.5,103310,123416,51,123365,688971,0.5
1900-01-22 02:23:45,7894.5,500178,7895.0,515597,39959,17,39942,-15419,0.5
1900-01-22 02:24:00,7890.0,732367,7890.5,109970,79679,124762,-45083,622397,0.5
1900-01-22 02:24:15,7892.5,755667,7893.0,204674,74112,12632,61480,550993,0.5
1900-01-22 02:24:30,7899.5,669813,7900.0,328514,135487,924,134563,341299,0.5
1900-01-22 02:24:45,7899.5,1011195,7900.0,31936,232873,42737,190136,979259,0.5
1900-01-22 02:25:00,7902.5,1117430,7903.0,525834,118594,8804,109790,591596,0.5
1900-01-22 02:25:15,7893.5,825,7894.0,47721,31605,47419,-15814,-46896,0.5
1900-01-22 02:25:30,7898.5,1442002,7899.0,3573,74047,53678,20369,1438429,0.5
1900-01-22 02:25:45,7901.5,468753,7902.0,458,18885,4237,14648,468295,0.5
1900-01-22 02:26:00,7901.5,16297,7902.0,589766,54979,43336,11643,-573469,0.5
1900-01-22 02:26:15,7897.0,38396,7897.5,654157,7785,31892,-24107,-615761,0.5
1900-01-22 02:26:30,7895.0,13242,7895.5,696645,45519,26867,18652,-683403,0.5
1900-01-22 02:26:45,7893.5,755699,7894.0,164437,19500,37871,-18371,591262,0.5
1900-01-22 02:27:00,7891.0,5734,7891.5,1000631,11920,18503,-6583,-994897,0.5
1900-01-22 02:27:15,7891.0,1077702,7891.5,113127,155443,77034,78409,964575,0.5
1900-01-22 02:27:30,7892.5,742902,7893.0,83810,87769,5704,82065,659092,0.5
1900-01-22 02:27:45,7892.5,751791,7893.0,156197,16824,30155,-13331,595594,0.5
1900-01-22 02:28:00,7893.5,793813,7894.0,22521,60517,581,59936,771292,0.5
1900-01-22 02:28:15,7896.0,754052,7896.5,59858,46671,12410,34261,694194,0.5
1900-01-22 02:28:30,7896.0,1331104,7896.5,37141,22242,14760,7482,1293963,0.5
1900-01-22 02:28:45,7896.0,1312167,7896.5,63987,17320,1314,16006,1248180,0.5
1900-01-22 02:29:00,7892.5,211281,7893.0,702609,5921,90388,-84467,-491328,0.5
1900-01-22 02:29:15,7891.0,86,7891.5,404771,15914,108795,-92881,-404685,0.5
1900-01-22 02:29:30,7890.5,1133282,7891.0,108074,118678,92949,25729,1025208,0.5
1900-01-22 02:29:45,7885.0,413781,7885.5,397875,17740,112822,-95082,15906,0.5
1900-01-22 02:30:00,7887.0,744795,7887.5,13311,14002,39292,-25290,731484,0.5
1900-01-22 02:30:15,7890.0,57503,7890.5,993324,10794,64834,-54040,-935821,0.5
1900-01-22 02:30:30,7884.5,203081,7885.0,526057,57193,56539,654,-322976,0.5
1900-01-22 02:30:45,7883.5,52579,7884.0,779692,303,87305,-87002,-727113,0.5
1900-01-22 02:31:00,7883.0,21123,7883.5,929442,3600,24096,-20496,-908319,0.5
1900-01-22 02:31:15,7881.0,962241,7881.5,355366,14545,74771,-60226,606875,0.5
1900-01-22 02:31:30,7883.0,675930,7883.5,157096,48058,34862,13196,518834,0.5
1900-01-22 02:31:45,7882.5,23356,7883.0,646486,11104,89741,-78637,-623130,0.5
1900-01-22 02:32:00,7879.0,162863,7879.5,859916,519,30030,-29511,-697053,0.5
1900-01-22 02:32:15,7877.0,89754,7877.5,1126441,6080,29506,-23426,-1036687,0.5
1900-01-22 02:32:30,7877.0,307263,7877.5,552232,21351,46536,-25185,-244969,0.5
1900-01-22 02:32:45,7872.0,1379348,7872.5,68926,21281,104818,-83537,1310422,0.5
1900-01-22 02:33:00,7876.5,844999,7877.0,205802,297339,34112,263227,639197,0.5
1900-01-22 02:33:15,7873.0,1287322,7873.5,77839,18648,50589,-31941,1209483,0.5
1900-01-22 02:33:30,7874.0,280683,7874.5,582262,45285,6800,38485,-301579,0.5
1900-01-22 02:33:45,7872.0,247910,7872.5,618723,8604,154950,-146346,-370813,0.5
1900-01-22 02:34:00,7872.0,1093270,7872.5,489975,4505,65402,-60897,603295,0.5
1900-01-22 02:34:15,7872.0,815624,7872.5,326744,143485,67595,75890,488880,0.5
1900-01-22 02:34:30,7872.0,273447,7872.5,662680,23251,31407,-8156,-389233,0.5
1900-01-22 02:34:45,7865.0,2035,7865.5,47064,21247,375489,-354242,-45029,0.5
1900-01-22 02:35:00,7866.0,707880,7866.5,24506,42285,294064,-251779,683374,0.5
1900-01-22 02:35:15,7869.5,209684,7870.0,57393,76855,47317,29538,152291,0.5
1900-01-22 02:35:30,7874.5,443732,7875.0,295535,211651,23190,188461,148197,0.5
1900-01-22 02:35:45,7874.5,780029,7875.0,415716,31772,5580,26192,364313,0.5
1900-01-22 02:36:00,7876.5,648723,7877.0,21371,71574,2966,68608,627352,0.5
1900-01-22 02:36:15,7879.5,1019360,7880.0,3822,96755,6008,90747,1015538,0.5
1900-01-22 02:36:30,7880.5,1096387,7881.0,57263,18093,28586,-10493,1039124,0.5
1900-01-22 02:36:45,7881.0,1083291,7881.5,4515,155391,11752,143639,1078776,0.5
1900-01-22 02:37:00,7881.0,432862,7881.5,617505,11290,12954,-1664,-184643,0.5
1900-01-22 02:37:15,7882.5,1086869,7883.0,12935,143922,3895,140027,1073934,0.5
1900-01-22 02:37:30,7883.5,832135,7884.0,51522,13947,26,13921,780613,0.5
1900-01-22 02:37:45,7884.0,1177019,7884.5,67676,13531,26,13505,1109343,0.5
1900-01-22 02:38:00,7884.5,974889,7885.0,329155,60840,13394,47446,645734,0.5
1900-01-22 02:38:15,7887.0,1320299,7887.5,4017,308009,40000,268009,1316282,0.5
1900-01-22 02:38:30,7889.5,1218018,7890.0,58896,70837,4,70833,1159122,0.5
1900-01-22 02:38:45,7893.5,1166232,7894.0,5342,149790,2401,147389,1160890,0.5
1900-01-22 02:39:00,7905.0,1109439,7905.5,68375,127741,104710,23031,1041064,0.5
1900-01-22 02:39:15,7907.0,307264,7907.5,10795,548480,5494,542986,296469,0.5
1900-01-22 02:39:30,7914.0,200958,7914.5,535894,353840,33907,319933,-334936,0.5
1900-01-22 02:39:45,7917.5,381823,7918.0,756484,196802,99825,96977,-374661,0.5
1900-01-22 02:40:00,7917.5,229252,7918.0,590947,40514,67854,-27340,-361695,0.5
1900-01-22 02:40:15,7914.5,29311,7915.0,152355,51247,84874,-33627,-123044,0.5
1900-01-22 02:40:30,7907.5,609470,7908.0,48639,25298,36278,-10980,560831,0.5
1900-01-22 02:40:45,7907.5,735953,7908.0,119660,36877,56403,-19526,616293,0.5
1900-01-22 02:41:00,7907.5,95133,7908.0,626832,11749,31054,-19305,-531699,0.5
1900-01-22 02:41:15,7908.0,838987,7908.5,40434,96956,28499,68457,798553,0.5
1900-01-22 02:41:30,7909.0,1081899,7909.5,133792,17758,281,17477,948107,0.5
1900-01-22 02:41:45,7909.0,957196,7909.5,60420,74354,1200,73154,896776,0.5
1900-01-22 02:42:00,7909.5,804948,7910.0,132324,61691,911,60780,672624,0.5
1900-01-22 02:42:15,7909.5,396633,7910.0,405321,21170,7622,13548,-8688,0.5
1900-01-22 02:42:30,7909.5,1078283,7910.0,99965,54001,78104,-24103,978318,0.5
1900-01-22 02:42:45,7909.5,838076,7910.0,247789,85521,7581,77940,590287,0.5
1900-01-22 02:43:00,7907.5,35316,7908.0,964740,37450,60964,-23514,-929424,0.5
1900-01-22 02:43:15,7907.5,341021,7908.0,855544,37450,116191,-78741,-514523,0.5
1900-01-22 02:43:30,7906.0,118477,7906.5,1208168,5000,114006,-109006,-1089691,0.5
1900-01-22 02:43:45,7901.0,16250,7901.5,409375,2890,203489,-200599,-393125,0.5
1900-01-22 02:44:00,7900.0,626861,7900.5,505989,97249,165740,-68491,120872,0.5
1900-01-22 02:44:15,7900.0,9631,7900.5,951251,14027,77005,-62978,-941620,0.5
1900-01-22 02:44:30,7898.5,548381,7899.0,620488,9031,114391,-105360,-72107,0.5
1900-01-22 02:44:45,7894.0,143035,7894.5,609165,2060,107992,-105932,-466130,0.5
1900-01-22 02:45:00,7894.0,171475,7894.5,1595673,34212,12566,21646,-1424198,0.5
1900-01-22 02:45:15,7894.0,1184757,7894.5,315833,80903,11026,69877,868924,0.5
1900-01-22 02:45:30,7894.0,109577,7894.5,1334647,14518,130254,-115736,-1225070,0.5
1900-01-22 02:45:45,7899.0,602746,7899.5,475537,140352,3366,136986,127209,0.5
1900-01-22 02:46:00,7896.5,15421,7897.0,1276178,112329,168281,-55952,-1260757,0.5
1900-01-22 02:46:15,7896.5,7935,7897.0,1355423,2100,9621,-7521,-1347488,0.5
1900-01-22 02:46:30,7895.0,30072,7895.5,1161088,23089,2046,21043,-1131016,0.5
1900-01-22 02:46:45,7895.0,11269,7895.5,1187386,50,17145,-17095,-1176117,0.5
1900-01-22 02:47:00,7877.0,49824,7877.5,40265,35300,230162,-194862,9559,0.5
1900-01-22 02:47:15,7877.0,802611,7877.5,196285,79174,287945,-208771,606326,0.5
1900-01-22 02:47:30,7882.5,533749,7883.0,39349,136162,23976,112186,494400,0.5
1900-01-22 02:47:45,7892.5,472015,7893.0,279493,83377,53008,30369,192522,0.5
1900-01-22 02:48:00,7888.5,16018,7889.0,941376,141055,14046,127009,-925358,0.5
1900-01-22 02:48:15,7886.5,9453,7887.0,758547,146995,22476,124519,-749094,0.5
1900-01-22 02:48:30,7886.5,936749,7887.0,343560,115542,27496,88046,593189,0.5
1900-01-22 02:48:45,7890.0,370701,7890.5,389964,39066,87085,-48019,-19263,0.5
1900-01-22 02:49:00,7890.0,1469944,7890.5,91142,61855,2100,59755,1378802,0.5
1900-01-22 02:49:15,7893.0,860129,7893.5,18350,107607,60,107547,841779,0.5
1900-01-22 02:49:30,7898.0,984918,7898.5,83304,151372,1559,149813,901614,0.5
1900-01-22 02:49:45,7897.5,4045,7898.0,977699,28343,14436,13907,-973654,0.5
1900-01-22 02:50:00,7897.0,714502,7897.5,102423,33423,14995,18428,612079,0.5
1900-01-22 02:50:15,7899.0,1335949,7899.5,3110,132988,7500,125488,1332839,0.5
1900-01-22 02:50:30,7906.5,896537,7907.0,219409,214511,5999,208512,677128,0.5
1900-01-22 02:50:45,7906.5,873017,7907.0,62749,34320,46122,-11802,810268,0.5
1900-01-22 02:51:00,7906.5,396961,7907.0,635649,30781,948,29833,-238688,0.5
1900-01-22 02:51:15,7899.5,580,7900.0,354630,15829,248411,-232582,-354050,0.5
1900-01-22 02:51:30,7899.5,1092264,7900.0,265992,23872,4556,19316,826272,0.5
1900-01-22 02:51:45,7903.0,1012925,7903.5,40995,91153,108500,-17347,971930,0.5
1900-01-22 02:52:00,7905.5,953443,7906.0,231367,26363,3838,22525,722076,0.5
1900-01-22 02:52:15,7909.5,221257,7910.0,674596,48540,3838,44702,-453339,0.5
1900-01-22 02:52:30,7909.5,1112114,7910.0,937,58088,15740,42348,1111177,0.5
1900-01-22 02:52:45,7910.5,141291,7911.0,564290,135619,12301,123318,-422999,0.5
1900-01-22 02:53:00,7912.5,1268589,7913.0,92876,255518,6320,249198,1175713,0.5
1900-01-22 02:53:15,7910.5,1173,7911.0,901548,105337,163668,-58331,-900375,0.5
1900-01-22 02:53:30,7910.0,78760,7910.5,914948,3653,17806,-14153,-836188,0.5
1900-01-22 02:53:45,7909.5,99948,7910.0,988140,3653,76132,-72479,-888192,0.5
1900-01-22 02:54:00,7905.0,350461,7905.5,330610,2509,27449,-24940,19851,0.5
1900-01-22 02:54:15,7912.0,529232,7912.5,183578,32217,1230,30987,345654,0.5
1900-01-22 02:54:30,7919.0,657144,7919.5,15588,116421,3664,112757,641556,0.5
1900-01-22 02:54:45,7923.5,150,7924.0,16000,813647,52927,760720,-15850,0.5
1900-01-22 02:55:00,7920.0,319881,7920.5,229125,112450,343114,-230664,90756,0.5
1900-01-22 02:55:15,7923.5,367356,7924.0,137681,111163,61863,49300,229675,0.5
1900-01-22 02:55:30,7927.5,906480,7928.0,20035,84455,25602,58853,886445,0.5
1900-01-22 02:55:45,7927.5,333808,7928.0,457366,154758,14496,140262,-123558,0.5
1900-01-22 02:56:00,7925.0,723717,7925.5,125277,32668,71198,-38530,598440,0.5
1900-01-22 02:56:15,7923.5,923,7924.0,706725,26041,64658,-38617,-705802,0.5
1900-01-22 02:56:30,7923.0,696275,7923.5,322611,425,11004,-10579,373664,0.5
1900-01-22 02:56:45,7922.0,30248,7922.5,686068,14670,156090,-141420,-655820,0.5
1900-01-22 02:57:00,7922.0,429432,7922.5,573575,35552,192620,-157068,-144143,0.5
1900-01-22 02:57:15,7920.0,141278,7920.5,927365,29321,39060,-9739,-786087,0.5
1900-01-22 02:57:30,7919.5,613420,7920.0,545898,10595,100659,-90064,67522,0.5
1900-01-22 02:57:45,7919.5,835726,7920.0,79704,43160,79532,-36372,756022,0.5
1900-01-22 02:58:00,7920.0,1170428,7920.5,35739,88842,21296,67546,1134689,0.5
1900-01-22 02:58:15,7921.5,1337575,7922.0,37913,49505,35,49470,1299662,0.5
1900-01-22 02:58:30,7922.5,1382747,7923.0,7370,46930,3000,43930,1375377,0.5
1900-01-22 02:58:45,7923.5,1047996,7924.0,79041,58597,596,58001,968955,0.5
1900-01-22 02:59:00,7923.5,263580,7924.0,830086,51401,19008,32393,-566506,0.5
1900-01-22 02:59:15,7920.0,317577,7920.5,450322,17218,15178,2040,-132745,0.5
1900-01-22 02:59:30,7917.5,173121,7918.0,444965,5550,243000,-237450,-271844,0.5
1900-01-22 02:59:45,7917.5,831976,7918.0,280668,14160,25750,-11590,551308,0.5
1900-01-22 03:00:00,7917.5,629361,7918.0,579007,74371,6072,68299,50354,0.5
1900-01-22 03:00:15,7917.5,895763,7918.0,221288,22241,1467,20774,674475,0.5
1900-01-22 03:00:30,7917.5,1672081,7918.0,6526,33403,4012,29391,1665555,0.5
1900-01-22 03:00:45,7922.0,78158,7922.5,559936,108187,7738,100449,-481778,0.5
1900-01-22 03:01:00,7924.5,612344,7925.0,516816,195449,921,194528,95528,0.5
1900-01-22 03:01:15,7924.5,947529,7925.0,111069,70796,25518,45278,836460,0.5
1900-01-22 03:01:30,7927.5,1014834,7928.0,178561,169110,20099,149011,836273,0.5
1900-01-22 03:01:45,7934.0,370319,7934.5,227581,351709,19860,331849,142738,0.5
1900-01-22 03:02:00,7930.0,82678,7930.5,321816,57536,85313,-27777,-239138,0.5
1900-01-22 03:02:15,7930.0,734491,7930.5,196574,35712,66252,-30540,537917,0.5
1900-01-22 03:02:30,7930.0,776651,7930.5,220780,14250,6601,7649,555871,0.5
1900-01-22 03:02:45,7930.0,1055130,7930.5,70367,16169,106002,-89833,984763,0.5
1900-01-22 03:03:00,7931.0,998783,7931.5,5,19205,53,19152,998778,0.5
1900-01-22 03:03:15,7934.5,903008,7935.0,111199,62426,3972,58454,791809,0.5
1900-01-22 03:03:30,7935.5,1163404,7936.0,68872,46160,6594,39566,1094532,0.5
1900-01-22 03:03:45,7949.5,168706,7950.0,575204,510836,42936,467900,-406498,0.5
1900-01-22 03:04:00,7948.5,31956,7949.0,1164555,150250,58118,92132,-1132599,0.5
1900-01-22 03:04:15,7959.0,22583,7959.5,46682,134442,15249,119193,-24099,0.5
1900-01-22 03:04:30,7956.0,28920,7956.5,68652,311708,58539,253169,-39732,0.5
1900-01-22 03:04:45,7953.0,60181,7953.5,825030,36366,34237,2129,-764849,0.5
1900-01-22 03:05:00,7953.0,785785,7953.5,409107,59404,96337,-36933,376678,0.5
1900-01-22 03:05:15,7959.5,558666,7960.0,484594,159551,67041,92510,74072,0.5
1900-01-22 03:05:30,7963.0,1313563,7963.5,47981,94231,11489,82742,1265582,0.5
1900-01-22 03:05:45,7961.0,204258,7961.5,390748,83785,36548,47237,-186490,0.5
1900-01-22 03:06:00,7961.0,1267309,7961.5,126455,89841,25347,64494,1140854,0.5
1900-01-22 03:06:15,7961.0,1142073,7961.5,51409,42418,32554,9864,1090664,0.5
1900-01-22 03:06:30,7963.0,261004,7963.5,341943,25239,112993,-87754,-80939,0.5
1900-01-22 03:06:45,7955.5,88704,7956.0,364931,2511,103517,-101006,-276227,0.5
1900-01-22 03:07:00,7955.0,485843,7955.5,479557,38177,130831,-92654,6286,0.5
1900-01-22 03:07:15,7955.0,1299555,7955.5,68348,47480,11576,35904,1231207,0.5
1900-01-22 03:07:30,7959.0,898916,7959.5,31570,104697,19204,85493,867346,0.5
1900-01-22 03:07:45,7960.0,528767,7960.5,589863,32000,31272,728,-61096,0.5
1900-01-22 03:08:00,7960.0,284632,7960.5,639095,7850,72271,-64421,-354463,0.5
1900-01-22 03:08:15,7958.5,14592,7959.0,104154,9568,285642,-276074,-89562,0.5
1900-01-22 03:08:30,7952.0,864045,7952.5,266050,70874,81363,-10489,597995,0.5
1900-01-22 03:08:45,7952.0,927589,7952.5,469605,13936,84440,-70504,457984,0.5
1900-01-22 03:09:00,7952.0,68438,7952.5,616034,11383,20789,-9406,-547596,0.5
1900-01-22 03:09:15,7948.0,845308,7948.5,445921,8785,163748,-154963,399387,0.5
1900-01-22 03:09:30,7948.0,923529,7948.5,340945,25564,71393,-45829,582584,0.5
1900-01-22 03:09:45,7948.0,1111073,7948.5,29644,15125,31186,-16061,1081429,0.5
1900-01-22 03:10:00,7950.0,781354,7950.5,6617,35286,3141,32145,774737,0.5
1900-01-22 03:10:15,7951.0,1151012,7951.5,30348,19492,1155,18337,1120664,0.5
1900-01-22 03:10:30,7954.0,777985,7954.5,238172,55202,2350,52852,539813,0.5
1900-01-22 03:10:45,7954.0,399590,7954.5,560797,8800,16700,-7900,-161207,0.5
1900-01-22 03:11:00,7948.0,23823,7948.5,699245,13670,147091,-133421,-675422,0.5
1900-01-22 03:11:15,7946.0,828727,7946.5,469364,15018,51413,-36395,359363,0.5
1900-01-22 03:11:30,7946.0,96815,7946.5,837595,16245,49027,-32782,-740780,0.5
1900-01-22 03:11:45,7945.5,516579,7946.0,578565,3011,154223,-151212,-61986,0.5
1900-01-22 03:12:00,7945.5,17971,7946.0,1266262,518,25763,-25245,-1248291,0.5
1900-01-22 03:12:15,7943.0,2230,7943.5,1041825,1000,184101,-183101,-1039595,0.5
1900-01-22 03:12:30,7936.0,534202,7936.5,500615,12728,189828,-177100,33587,0.5
1900-01-22 03:12:45,7936.0,229533,7936.5,639658,43621,55325,-11704,-410125,0.5
1900-01-22 03:13:00,7936.0,866786,7936.5,293308,59477,31051,28426,573478,0.5
1900-01-22 03:13:15,7944.0,552613,7944.5,35297,109910,32622,77288,517316,0.5
1900-01-22 03:13:30,7944.0,667616,7944.5,159489,104332,55673,48659,508127,0.5
1900-01-22 03:13:45,7945.5,614482,7946.0,679577,56706,8708,47998,-65095,0.5
1900-01-22 03:14:00,7945.5,648232,7946.0,154911,11297,922,10375,493321,0.5
1900-01-22 03:14:15,7945.5,1064615,7953.0,45024,47204,805,46399,1019591,7.5
1900-01-22 03:14:30,7959.5,20313,7960.0,853526,727502,5456,722046,-833213,0.5
1900-01-22 03:14:45,7958.5,1243610,7959.0,500949,54603,10631,43972,742661,0.5
1900-01-22 03:15:00,7958.5,1224011,7959.0,384616,89601,60196,29405,839395,0.5
1900-01-22 03:15:15,7958.5,584446,7959.0,732348,27756,588064,-560308,-147902,0.5
1900-01-22 03:15:30,7957.0,9027,7957.5,820727,24000,348178,-324178,-811700,0.5
1900-01-22 03:15:45,7952.0,86615,7952.5,764200,29198,34997,-5799,-677585,0.5
1900-01-22 03:16:00,7950.5,37914,7951.0,1223677,17786,40719,-22933,-1185763,0.5
1900-01-22 03:16:15,7943.0,70267,7943.5,529735,17786,89340,-71554,-459468,0.5
1900-01-22 03:16:30,7943.0,202343,7943.5,905380,4970,35660,-30690,-703037,0.5
1900-01-22 03:16:45,7943.0,32571,7943.5,1123902,1000,68474,-67474,-1091331,0.5
1900-01-22 03:17:00,7941.0,24819,7941.5,622973,1204,62130,-60926,-598154,0.5
1900-01-22 03:17:15,7940.0,48478,7940.5,1401502,1204,42193,-40989,-1353024,0.5
1900-01-22 03:17:30,7940.0,17570,7940.5,1242349,12763,27064,-14301,-1224779,0.5
1900-01-22 03:17:45,7940.0,615556,7940.5,452634,4600,20592,-15992,162922,0.5
1900-01-22 03:18:00,7939.5,32452,7940.0,1015401,17391,34731,-17340,-982949,0.5
1900-01-22 03:18:15,7938.0,115001,7938.5,1590576,7783,133721,-125938,-1475575,0.5
1900-01-22 03:18:30,7913.0,43560,7913.5,4210,4742,201553,-196811,39350,0.5
1900-01-22 03:18:45,7916.0,9489,7919.5,100,166202,390218,-224016,9389,3.5
1900-01-22 03:19:00,7926.5,126328,7927.0,28000,87902,200623,-112721,98328,0.5
1900-01-22 03:19:15,7923.5,120695,7924.0,780188,22511,164142,-141631,-659493,0.5
1900-01-22 03:19:30,7923.5,181029,7924.0,795388,95881,86507,9374,-614359,0.5
1900-01-22 03:19:45,7923.5,80381,7924.0,1309709,30812,125678,-94866,-1229328,0.5
1900-01-22 03:20:00,7923.5,7598,7924.0,1671253,4262,58307,-54045,-1663655,0.5
1900-01-22 03:20:15,7920.5,396258,7921.0,839217,3640,26600,-22960,-442959,0.5
1900-01-22 03:20:30,7920.5,618996,7921.0,369042,54789,35920,18869,249954,0.5
1900-01-22 03:20:45,7920.5,590230,7921.0,297344,147154,24235,122919,292886,0.5
1900-01-22 03:21:00,7920.5,31090,7921.0,968137,49008,11299,37709,-937047,0.5
1900-01-22 03:21:15,7902.5,781421,7903.0,20691,113792,317773,-203981,760730,0.5
1900-01-22 03:21:30,7902.5,783198,7903.0,29441,57950,36189,21761,753757,0.5
1900-01-22 03:21:45,7908.5,357888,7909.0,619675,113253,104460,8793,-261787,0.5
1900-01-22 03:22:00,7909.0,220518,7909.5,568840,81901,42614,39287,-348322,0.5
1900-01-22 03:22:15,7905.0,446143,7905.5,425457,77965,229064,-151099,20686,0.5
1900-01-22 03:22:30,7904.0,558095,7904.5,155644,12500,140056,-127556,402451,0.5
1900-01-22 03:22:45,7904.0,1023779,7904.5,79151,63356,1480,61876,944628,0.5
1900-01-22 03:23:00,7909.5,499896,7910.0,4806,261389,324,261065,495090,0.5
1900-01-22 03:23:15,7916.5,55671,7917.0,1181923,107205,11974,95231,-1126252,0.5
1900-01-22 03:23:30,7914.5,30315,7915.0,946008,44227,43838,389,-915693,0.5
1900-01-22 03:23:45,7914.5,22364,7915.0,1137296,33579,21155,12424,-1114932,0.5
1900-01-22 03:24:00,7911.5,53445,7912.0,624551,19721,1038,18683,-571106,0.5
1900-01-22 03:24:15,7911.5,21960,7912.0,1369320,5620,40095,-34475,-1347360,0.5
1900-01-22 03:24:30,7910.5,655350,7911.0,13558,9666,36654,-26988,641792,0.5
1900-01-22 03:24:45,7910.5,611384,7911.0,348872,102364,13156,89208,262512,0.5
1900-01-22 03:25:00,7911.0,869289,7911.5,2941,70850,9630,61220,866348,0.5
1900-01-22 03:25:15,7912.5,638479,7913.0,612875,36424,12214,24210,25604,0.5
1900-01-22 03:25:30,7912.5,696367,7913.0,96145,55520,8192,47328,600222,0.5
1900-01-22 03:25:45,7914.5,669521,7915.0,561769,48877,5039,43838,107752,0.5
1900-01-22 03:26:00,7914.5,805856,7915.0,451611,30479,806,29673,354245,0.5
1900-01-22 03:26:15,7914.5,89705,7915.0,892764,31164,52277,-21113,-803059,0.5
1900-01-22 03:26:30,7913.0,895,7913.5,574921,1616,32807,-31191,-574026,0.5
1900-01-22 03:26:45,7912.0,26363,7912.5,730219,10010,67026,-57016,-703856,0.5
1900-01-22 03:27:00,7910.5,1518,7911.0,831400,100,16383,-16283,-829882,0.5
1900-01-22 03:27:15,7910.0,738091,7910.5,456278,116,17451,-17335,281813,0.5
1900-01-22 03:27:30,7919.5,117096,7920.0,927032,94135,1053,93082,-809936,0.5
1900-01-22 03:27:45,7919.5,430776,7920.0,243752,15463,32269,-16806,187024,0.5
1900-01-22 03:28:00,7919.5,440407,7920.0,791021,15010,15987,-977,-350614,0.5
1900-01-22 03:28:15,7919.5,580960,7920.0,824465,62884,16356,46528,-243505,0.5
1900-01-22 03:28:30,7919.5,642587,7920.0,517943,139100,16550,122550,124644,0.5
1900-01-22 03:28:45,7919.5,174042,7920.0,1050563,16249,3585,12664,-876521,0.5
1900-01-22 03:29:00,7919.5,311952,7920.0,875207,31304,10050,21254,-563255,0.5
1900-01-22 03:29:15,7925.0,443146,7925.5,526423,56316,16799,39517,-83277,0.5
1900-01-22 03:29:30,7925.0,377192,7925.5,629462,69611,43871,25740,-252270,0.5
1900-01-22 03:29:45,7942.0,288201,7942.5,62204,213195,71652,141543,225997,0.5
1900-01-22 03:30:00,7940.5,8906,7941.0,918667,203133,73184,129949,-909761,0.5
1900-01-22 03:30:15,7943.5,895412,7944.0,25207,79375,42506,36869,870205,0.5
1900-01-22 03:30:30,7950.0,950486,7950.5,67681,172259,12803,159456,882805,0.5
1900-01-22 03:30:45,7955.5,823994,7956.0,521848,206480,38097,168383,302146,0.5
1900-01-22 03:31:00,7960.0,121537,7960.5,864742,141218,273928,-132710,-743205,0.5
1900-01-22 03:31:15,7957.0,1015555,7957.5,129830,110046,342658,-232612,885725,0.5
1900-01-22 03:31:30,7962.5,158503,7963.0,310820,96964,10392,86572,-152317,0.5
1900-01-22 03:31:45,7976.5,1600,7977.0,752640,595671,507379,88292,-751040,0.5
1900-01-22 03:32:00,7966.5,1163375,7967.0,89058,162016,120427,41589,1074317,0.5
1900-01-22 03:32:15,7967.0,10286,7967.5,400200,64845,34219,30626,-389914,0.5
1900-01-22 03:32:30,7961.0,215731,7961.5,712158,14086,181875,-167789,-496427,0.5
1900-01-22 03:32:45,7961.0,1034904,7961.5,717162,29724,73368,-43644,317742,0.5
1900-01-22 03:33:00,7961.0,1234458,7961.5,660275,67234,85999,-18765,574183,0.5
1900-01-22 03:33:15,7962.0,1195544,7962.5,82112,120561,12782,107779,1113432,0.5
1900-01-22 03:33:30,7974.0,20656,7974.5,27860,86456,74565,11891,-7204,0.5
1900-01-22 03:33:45,7969.5,51216,7970.0,701922,59911,211017,-151106,-650706,0.5
1900-01-22 03:34:00,7976.0,544166,7976.5,24054,147356,30785,116571,520112,0.5
1900-01-22 03:34:15,7979.0,353077,7979.5,712286,173338,16282,157056,-359209,0.5
1900-01-22 03:34:30,7977.0,177536,7977.5,542398,29166,96990,-67824,-364862,0.5
1900-01-22 03:34:45,7977.0,11789,7977.5,562924,51266,93098,-41832,-551135,0.5
1900-01-22 03:35:00,7971.0,907507,7971.5,25346,13312,226159,-212847,882161,0.5
1900-01-22 03:35:15,7971.5,1124356,7972.0,35735,172274,344551,-172277,1088621,0.5
1900-01-22 03:35:30,7969.5,11245,7970.0,684122,35957,30178,5779,-672877,0.5
1900-01-22 03:35:45,7952.0,330144,7952.5,17117,43248,497868,-454620,313027,0.5
1900-01-22 03:36:00,7954.5,5980,7955.0,538770,102724,53020,49704,-532790,0.5
1900-01-22 03:36:15,7964.0,637424,7964.5,451340,132661,30910,101751,186084,0.5
1900-01-22 03:36:30,7960.0,39684,7960.5,402263,17368,57666,-40298,-362579,0.5
1900-01-22 03:36:45,7958.0,188658,7958.5,426286,22200,53415,-31215,-237628,0.5
1900-01-22 03:37:00,7958.0,92927,7958.5,672259,14210,2988,11222,-579332,0.5
1900-01-22 03:37:15,7952.5,335299,7953.0,534860,14210,280121,-265911,-199561,0.5
1900-01-22 03:37:30,7951.0,30908,7951.5,609735,51049,11619,39430,-578827,0.5
1900-01-22 03:37:45,7951.0,130292,7951.5,672794,15021,55660,-40639,-542502,0.5
1900-01-22 03:38:00,7950.0,721276,7950.5,427580,32418,239504,-207086,293696,0.5
1900-01-22 03:38:15,7950.0,348897,7950.5,586681,2200,67800,-65600,-237784,0.5
1900-01-22 03:38:30,7947.5,3446,7948.0,11234,13547,94834,-81287,-7788,0.5
1900-01-22 03:38:45,7947.0,770734,7947.5,6352,24904,56871,-31967,764382,0.5
1900-01-22 03:39:00,7949.5,1420856,7950.0,769838,90857,1827,89030,651018,0.5
1900-01-22 03:39:15,7958.5,759296,7959.0,2154,455162,14601,440561,757142,0.5
1900-01-22 03:39:30,7958.5,190484,7959.0,452190,37999,155007,-117008,-261706,0.5
1900-01-22 03:39:45,7959.0,1401675,7959.5,5214,8270,20038,-11768,1396461,0.5
1900-01-22 03:40:00,7959.5,1510997,7960.0,206847,129888,2131,127757,1304150,0.5
1900-01-22 03:40:15,7959.5,1282995,7960.0,402224,25848,2235,23613,880771,0.5
1900-01-22 03:40:30,7959.5,1720434,7960.0,81135,97619,25266,72353,1639299,0.5
1900-01-22 03:40:45,7961.0,797249,7961.5,389640,45905,66222,-20317,407609,0.5
1900-01-22 03:41:00,7961.0,596893,7961.5,547031,83818,59290,24528,49862,0.5
1900-01-22 03:41:15,7957.0,37003,7957.5,207340,16701,138778,-122077,-170337,0.5
1900-01-22 03:41:30,7952.0,108562,7952.5,529262,3,84693,-84690,-420700,0.5
1900-01-22 03:41:45,7951.0,148528,7951.5,623410,3,139661,-139658,-474882,0.5
1900-01-22 03:42:00,7950.5,1071170,7951.0,436709,5675,15271,-9596,634461,0.5
1900-01-22 03:42:15,7950.5,941823,7951.0,492935,1205,23420,-22215,448888,0.5
1900-01-22 03:42:30,7950.5,1060580,7951.0,486851,15794,37112,-21318,573729,0.5
1900-01-22 03:42:45,7950.0,13633,7950.5,794784,4969,92539,-87570,-781151,0.5
1900-01-22 03:43:00,7947.0,177390,7947.5,841976,5480,82095,-76615,-664586,0.5
1900-01-22 03:43:15,7947.0,749524,7947.5,555161,4775,99782,-95007,194363,0.5
1900-01-22 03:43:30,7947.0,79540,7947.5,992941,15695,11711,3984,-913401,0.5
1900-01-22 03:43:45,7946.5,8202,7947.0,1020723,1,74681,-74680,-1012521,0.5
1900-01-22 03:44:00,7946.0,59307,7946.5,1023490,4570,30883,-26313,-964183,0.5
1900-01-22 03:44:15,7946.0,662952,7946.5,655947,5000,5947,-947,7005,0.5
1900-01-22 03:44:30,7954.0,631246,7954.5,695590,73953,6501,67452,-64344,0.5
1900-01-22 03:44:45,7954.0,822038,7954.5,267243,138350,24626,113724,554795,0.5
1900-01-22 03:45:00,7959.5,87935,7960.0,542468,57974,7741,50233,-454533,0.5
1900-01-22 03:45:15,7959.5,305652,7960.0,536830,11706,302,11404,-231178,0.5
1900-01-22 03:45:30,7959.5,328714,7960.0,748085,45740,8355,37385,-419371,0.5
1900-01-22 03:45:45,7959.5,286699,7960.0,706783,3643,638,3005,-420084,0.5
1900-01-22 03:46:00,7961.5,657635,7962.0,14492,105462,17168,88294,643143,0.5
1900-01-22 03:46:15,7961.5,79550,7962.0,567458,87359,66678,20681,-487908,0.5
1900-01-22 03:46:30,7960.5,164037,7961.0,499000,3118,66339,-63221,-334963,0.5
1900-01-22 03:46:45,7964.5,1203326,7965.0,7082,69036,1000,68036,1196244,0.5
1900-01-22 03:47:00,7965.0,841625,7965.5,414950,13307,32590,-19283,426675,0.5
1900-01-22 03:47:15,7965.0,63753,7965.5,895702,29724,74517,-44793,-831949,0.5
1900-01-22 03:47:30,7965.0,36244,7965.5,887886,12703,16554,-3851,-851642,0.5
1900-01-22 03:47:45,7965.0,898454,7965.5,743834,10100,4369,5731,154620,0.5
1900-01-22 03:48:00,7966.5,1298390,7967.0,3336,124204,100,124104,1295054,0.5
1900-01-22 03:48:15,7971.5,374562,7972.0,52141,258375,8000,250375,322421,0.5
1900-01-22 03:48:30,7978.0,771207,7978.5,247234,113870,124061,-10191,523973,0.5
1900-01-22 03:48:45,7978.0,697384,7978.5,204814,95860,35124,60736,492570,0.5
1900-01-22 03:49:00,7978.0,1061452,7978.5,6670,93964,20347,73617,1054782,0.5
1900-01-22 03:49:15,7977.0,5638,7977.5,1323926,40902,248387,-207485,-1318288,0.5
1900-01-22 03:49:30,7978.0,359655,7978.5,263838,80885,90807,-9922,95817,0.5
1900-01-22 03:49:45,7978.5,565635,7979.0,201111,81278,8832,72446,364524,0.5
1900-01-22 03:50:00,7975.0,1291967,7975.5,100,211557,50457,161100,1291867,0.5
1900-01-22 03:50:15,7979.0,780747,7979.5,56172,135275,27642,107633,724575,0.5
1900-01-22 03:50:30,7979.0,108689,7979.5,1391732,37880,71472,-33592,-1283043,0.5
1900-01-22 03:50:45,7978.5,139120,7979.0,528375,83018,50857,32161,-389255,0.5
1900-01-22 03:51:00,7972.5,795637,7973.0,193339,13830,99921,-86091,602298,0.5
1900-01-22 03:51:15,7969.5,19547,7970.0,55843,100108,209086,-108978,-36296,0.5
1900-01-22 03:51:30,7965.5,106816,7966.0,355943,7172,135512,-128340,-249127,0.5
1900-01-22 03:51:45,7961.5,18797,7962.0,598562,1920,33698,-31778,-579765,0.5
1900-01-22 03:52:00,7961.5,425880,7962.0,1245434,8929,74432,-65503,-819554,0.5
1900-01-22 03:52:15,7958.0,1140198,7958.5,1022642,11044,90560,-79516,117556,0.5
1900-01-22 03:52:30,7958.0,798614,7958.5,983121,12627,200127,-187500,-184507,0.5
1900-01-22 03:52:45,7958.0,1376440,7958.5,877376,28962,3827,25135,499064,0.5
1900-01-22 03:53:00,7958.0,1364230,7958.5,607715,344065,15933,328132,756515,0.5
1900-01-22 03:53:15,7958.0,204782,7958.5,1049890,59750,20134,39616,-845108,0.5
1900-01-22 03:53:30,7952.5,27696,7953.0,1117208,4257,101140,-96883,-1089512,0.5
1900-01-22 03:53:45,7952.5,364787,7953.0,855702,55326,37155,18171,-490915,0.5
1900-01-22 03:54:00,7950.5,1000637,7951.0,527020,9751,162869,-153118,473617,0.5
1900-01-22 03:54:15,7950.5,1276939,7951.0,700449,15001,783,14218,576490,0.5
1900-01-22 03:54:30,7950.5,920297,7951.0,878555,28857,42231,-13374,41742,0.5
1900-01-22 03:54:45,7950.5,806439,7951.0,769634,14568,35451,-20883,36805,0.5
1900-01-22 03:55:00,7946.5,365679,7947.0,359224,10282,93151,-82869,6455,0.5
1900-01-22 03:55:15,7945.5,14650,7946.0,1075323,28655,84076,-55421,-1060673,0.5
1900-01-22 03:55:30,7937.0,955431,7937.5,191023,65929,216114,-150185,764408,0.5
1900-01-22 03:55:45,7933.0,865738,7933.5,160456,44061,154682,-110621,705282,0.5
1900-01-22 03:56:00,7936.5,1383164,7937.0,413359,198225,23241,174984,969805,0.5
1900-01-22 03:56:15,7936.5,716679,7937.0,165677,259885,403141,-143256,551002,0.5
1900-01-22 03:56:30,7936.5,795670,7937.0,413010,100229,7101,93128,382660,0.5
1900-01-22 03:56:45,7938.0,1067091,7938.5,45673,81173,479,80694,1021418,0.5
1900-01-22 03:57:00,7939.0,1193101,7939.5,784136,92187,120,92067,408965,0.5
1900-01-22 03:57:15,7939.0,1592025,7939.5,536069,224817,8000,216817,1055956,0.5
1900-01-22 03:57:30,7939.0,1605160,7939.5,496159,69813,2000,67813,1109001,0.5
1900-01-22 03:57:45,7939.0,1636806,7939.5,444299,51685,5062,46623,1192507,0.5
1900-01-22 03:58:00,7939.0,339458,7939.5,626662,74101,90928,-16827,-287204,0.5
1900-01-22 03:58:15,7935.5,33254,7936.0,922760,11320,57031,-45711,-889506,0.5
1900-01-22 03:58:30,7935.5,553034,7936.0,331090,58680,7299,51381,221944,0.5
1900-01-22 03:58:45,7935.5,592381,7936.0,112680,15874,17114,-1240,479701,0.5
1900-01-22 03:59:00,7935.5,118476,7936.0,923201,1501,53799,-52298,-804725,0.5
1900-01-22 03:59:15,7930.0,342062,7930.5,357553,5220,91577,-86357,-15491,0.5
1900-01-22 03:59:30,7934.0,538908,7934.5,89991,109993,42834,67159,448917,0.5
1900-01-22 03:59:45,7934.5,489529,7935.0,91706,119869,2110,117759,397823,0.5
1900-01-22 04:00:00,7934.5,816782,7935.0,120036,133347,23362,109985,696746,0.5
1900-01-22 04:00:15,7938.0,455360,7938.5,668566,215274,42105,173169,-213206,0.5
1900-01-22 04:00:30,7938.0,750669,7938.5,911456,105902,3120,102782,-160787,0.5
1900-01-22 04:00:45,7938.0,1009952,7938.5,564449,210658,14032,196626,445503,0.5
1900-01-22 04:01:00,7938.0,861102,7938.5,104872,113787,4120,109667,756230,0.5
1900-01-22 04:01:15,7938.0,865312,7938.5,116040,73863,5205,68658,749272,0.5
1900-01-22 04:01:30,7938.0,257479,7938.5,1173916,36771,36205,566,-916437,0.5
1900-01-22 04:01:45,7938.0,318199,7938.5,1250275,15758,27790,-12032,-932076,0.5
1900-01-22 04:02:00,7938.0,125296,7938.5,1331663,850,23449,-22599,-1206367,0.5
1900-01-22 04:02:15,7935.0,54811,7935.5,1209439,10087,111744,-101657,-1154628,0.5
1900-01-22 04:02:30,7930.0,37625,7930.5,658955,542,98883,-98341,-621330,0.5
1900-01-22 04:02:45,7924.0,437228,7924.5,605178,1252,177352,-176100,-167950,0.5
1900-01-22 04:03:00,7926.5,445567,7927.0,512550,282663,335237,-52574,-66983,0.5
1900-01-22 04:03:15,7926.5,909581,7927.0,176502,68245,24392,43853,733079,0.5
1900-01-22 04:03:30,7926.5,443736,7927.0,762959,75317,21850,53467,-319223,0.5
1900-01-22 04:03:45,7926.5,343548,7927.0,1147997,39108,71865,-32757,-804449,0.5
1900-01-22 04:04:00,7920.0,102930,7920.5,8235,41147,835218,-794071,94695,0.5
1900-01-22 04:04:15,7895.0,6539,7895.5,20038,68458,1716006,-1647548,-13499,0.5
1900-01-22 04:04:30,7903.0,922237,7903.5,271120,108739,84075,24664,651117,0.5
1900-01-22 04:04:45,7893.0,9501,7893.5,24679,67608,618383,-550775,-15178,0.5
1900-01-22 04:05:00,7897.5,878056,7898.0,125522,25703,307907,-282204,752534,0.5
1900-01-22 04:05:15,7901.5,295375,7902.0,315,498728,100958,397770,295060,0.5
1900-01-22 04:05:30,7904.5,210745,7905.0,520470,199270,39566,159704,-309725,0.5
1900-01-22 04:05:45,7907.0,515007,7907.5,514512,142082,129869,12213,495,0.5
1900-01-22 04:06:00,7907.5,121439,7908.0,272292,234890,165371,69519,-150853,0.5
1900-01-22 04:06:15,7904.5,15558,7905.0,1541437,16361,56290,-39929,-1525879,0.5
1900-01-22 04:06:30,7899.5,385395,7900.0,400318,6396,50704,-44308,-14923,0.5
1900-01-22 04:06:45,7896.0,1025234,7896.5,496262,99961,154591,-54630,528972,0.5
1900-01-22 04:07:00,7899.5,1246749,7900.0,67490,213368,20506,192862,1179259,0.5
1900-01-22 04:07:15,7904.5,1632589,7905.0,3202,175254,41368,133886,1629387,0.5
1900-01-22 04:07:30,7906.0,744038,7906.5,550884,239404,2096,237308,193154,0.5
1900-01-22 04:07:45,7906.0,866784,7906.5,168436,149294,25296,123998,698348,0.5
1900-01-22 04:08:00,7906.0,1156714,7906.5,59710,93518,13288,80230,1097004,0.5
1900-01-22 04:08:15,7906.0,90151,7906.5,739560,126028,68420,57608,-649409,0.5
1900-01-22 04:08:30,7906.0,138387,7906.5,436796,166622,157324,9298,-298409,0.5
1900-01-22 04:08:45,7904.5,1406189,7905.0,105509,118226,173352,-55126,1300680,0.5
1900-01-22 04:09:00,7904.5,760657,7905.0,544355,130674,173352,-42678,216302,0.5
1900-01-22 04:09:15,7904.5,59854,7905.0,711986,72302,249014,-176712,-652132,0.5
1900-01-22 04:09:30,7906.0,1389625,7906.5,10100,283900,7020,276880,1379525,0.5
1900-01-22 04:09:45,7906.0,1543299,7906.5,35347,78348,1800,76548,1507952,0.5
1900-01-22 04:10:00,7910.5,642753,7911.0,1745,223442,2020,221422,641008,0.5
1900-01-22 04:10:15,7912.0,2076302,7912.5,16489,637110,212,636898,2059813,0.5
1900-01-22 04:10:30,7914.0,13474,7914.5,1023718,52548,355814,-303266,-1010244,0.5
1900-01-22 04:10:45,7914.0,499428,7914.5,277202,18294,75722,-57428,222226,0.5
1900-01-22 04:11:00,7914.0,668296,7914.5,35044,152362,166210,-13848,633252,0.5
1900-01-22 04:11:15,7916.0,860550,7916.5,97342,66008,166210,-100202,763208,0.5
1900-01-22 04:11:30,7918.5,532127,7919.0,48440,105202,33340,71862,483687,0.5
1900-01-22 04:11:45,7919.5,1174731,7920.0,102010,112104,254,111850,1072721,0.5
1900-01-22 04:12:00,7921.5,664063,7922.0,232747,144538,2234,142304,431316,0.5
1900-01-22 04:12:15,7921.5,299867,7922.0,647984,51878,3902,47976,-348117,0.5
1900-01-22 04:12:30,7920.0,19510,7920.5,903513,248414,230868,17546,-884003,0.5
1900-01-22 04:12:45,7914.0,1156260,7914.5,22835,8290,177350,-169060,1133425,0.5
1900-01-22 04:13:00,7913.5,4189,7914.0,688073,91644,148274,-56630,-683884,0.5
1900-01-22 04:13:15,7915.0,533099,7915.5,225192,26274,39088,-12814,307907,0.5
1900-01-22 04:13:30,7915.0,1156648,7915.5,204288,25456,4062,21394,952360,0.5
1900-01-22 04:13:45,7915.0,1169555,7915.5,194862,177906,18000,159906,974693,0.5
1900-01-22 04:14:00,7915.5,49448,7916.0,296,65520,10100,55420,49152,0.5
1900-01-22 04:14:15,7917.5,1512680,7918.0,47873,90944,258,90686,1464807,0.5
1900-01-22 04:14:30,7920.0,1190517,7920.5,36341,78578,4766,73812,1154176,0.5
1900-01-22 04:14:45,7921.0,1166340,7921.5,214413,177326,1010,176316,951927,0.5
1900-01-22 04:15:00,7922.0,1374952,7922.5,36168,160038,4130,155908,1338784,0.5
1900-01-22 04:15:15,7922.5,1258298,7923.0,209969,131964,320,131644,1048329,0.5
1900-01-22 04:15:30,7922.5,1349054,7923.0,201245,131890,6600,125290,1147809,0.5
1900-01-22 04:15:45,7922.5,1363069,7923.0,134906,40352,38056,2296,1228163,0.5
1900-01-22 04:16:00,7922.5,661132,7923.0,664903,40856,8778,32078,-3771,0.5
1900-01-22 04:16:15,7922.0,489145,7922.5,916896,3736,220924,-217188,-427751,0.5
1900-01-22 04:16:30,7933.5,1049450,7934.0,338673,125154,47378,77776,710777,0.5
1900-01-22 04:16:45,7933.5,1475889,7934.0,4451,470846,12064,458782,1471438,0.5
1900-01-22 04:17:00,7933.5,1452728,7934.0,3175,144624,19588,125036,1449553,0.5
1900-01-22 04:17:15,7934.0,189652,7934.5,429990,89110,236650,-147540,-240338,0.5
1900-01-22 04:17:30,7933.5,190239,7934.0,653553,9800,84058,-74258,-463314,0.5
1900-01-22 04:17:45,7933.5,69997,7934.0,823749,26366,64266,-37900,-753752,0.5
1900-01-22 04:18:00,7932.0,216823,7932.5,616836,1022,69478,-68456,-400013,0.5
1900-01-22 04:18:15,7932.0,178338,7932.5,655162,1262,34960,-33698,-476824,0.5
1900-01-22 04:18:30,7931.0,1010029,7931.5,372045,5200,99526,-94326,637984,0.5
1900-01-22 04:18:45,7931.0,797424,7931.5,216817,84472,8830,75642,580607,0.5
1900-01-22 04:19:00,7931.0,246163,7931.5,547855,7400,48554,-41154,-301692,0.5
1900-01-22 04:19:15,7931.0,235005,7931.5,566787,25500,140,25360,-331782,0.5
1900-01-22 04:19:30,7931.5,1358312,7932.0,6764,7676,141014,-133338,1351548,0.5
1900-01-22 04:19:45,7932.0,9286,7932.5,868980,16428,80822,-64394,-859694,0.5
1900-01-22 04:20:00,7925.0,176599,7925.5,604614,20802,264184,-243382,-428015,0.5
1900-01-22 04:20:15,7925.0,30467,7925.5,871196,2146,79074,-76928,-840729,0.5
1900-01-22 04:20:30,7921.0,195548,7921.5,610144,12372,97122,-84750,-414596,0.5
1900-01-22 04:20:45,7919.0,342631,7919.5,593971,9008,71002,-61994,-251340,0.5
1900-01-22 04:21:00,7917.0,9653,7917.5,714206,20020,152134,-132114,-704553,0.5
1900-01-22 04:21:15,7911.0,1295984,7911.5,374051,17002,262468,-245466,921933,0.5
1900-01-22 04:21:30,7911.0,851522,7911.5,302688,265076,61310,203766,548834,0.5
1900-01-22 04:21:45,7911.0,1199553,7911.5,315096,48280,72288,-24008,884457,0.5
1900-01-22 04:22:00,7911.0,844325,7911.5,360827,28200,127318,-99118,483498,0.5
1900-01-22 04:22:15,7911.0,914741,7911.5,307797,28200,207200,-179000,606944,0.5
1900-01-22 04:22:30,7911.0,1045856,7911.5,239197,27576,19970,7606,806659,0.5
1900-01-22 04:22:45,7911.0,93846,7911.5,810291,12094,2,12092,-716445,0.5
1900-01-22 04:23:00,7909.5,17775,7910.0,959725,20402,378682,-358280,-941950,0.5
1900-01-22 04:23:15,7903.0,826239,7903.5,492880,72944,323722,-250778,333359,0.5
1900-01-22 04:23:30,7900.0,434431,7900.5,712243,45468,358122,-312654,-277812,0.5
1900-01-22 04:23:45,7901.0,790244,7901.5,56689,150180,669302,-519122,733555,0.5
1900-01-22 04:24:00,7908.5,293878,7909.0,22470,229802,13420,216382,271408,0.5
1900-01-22 04:24:15,7910.5,659186,7911.0,629043,153362,7424,145938,30143,0.5
1900-01-22 04:24:30,7910.5,808569,7911.0,424007,18000,41700,-23700,384562,0.5
1900-01-22 04:24:45,7909.0,25052,7909.5,214377,8138,174494,-166356,-189325,0.5
1900-01-22 04:25:00,7907.0,1351,7907.5,891962,7802,148322,-140520,-890611,0.5
1900-01-22 04:25:15,7908.0,360066,7908.5,1823,134914,45306,89608,358243,0.5
1900-01-22 04:25:30,7914.0,313048,7914.5,58405,270402,26704,243698,254643,0.5
1900-01-22 04:25:45,7914.0,330170,7914.5,784640,30328,32900,-2572,-454470,0.5
1900-01-22 04:26:00,7914.0,100947,7914.5,917746,39414,147506,-108092,-816799,0.5
1900-01-22 04:26:15,7909.5,2732,7910.0,600274,52000,59172,-7172,-597542,0.5
1900-01-22 04:26:30,7909.5,14356,7910.0,898543,5980,8902,-2922,-884187,0.5
1900-01-22 04:26:45,7907.0,604029,7907.5,426791,6802,24340,-17538,177238,0.5
1900-01-22 04:27:00,7906.0,2640,7906.5,838668,9204,45810,-36606,-836028,0.5
1900-01-22 04:27:15,7905.5,650496,7906.0,409910,9204,3930,5274,240586,0.5
1900-01-22 04:27:30,7905.5,741542,7906.0,516977,22100,9074,13026,224565,0.5
1900-01-22 04:27:45,7905.5,892013,7906.0,185035,12002,30380,-18378,706978,0.5
1900-01-22 04:28:00,7905.5,812955,7906.0,132730,36698,102,36596,680225,0.5
1900-01-22 04:28:15,7907.0,885752,7907.5,23767,103574,102,103472,861985,0.5
1900-01-22 04:28:30,7907.5,1231523,7908.0,15498,22398,1820,20578,1216025,0.5
1900-01-22 04:28:45,7909.5,394686,7910.0,892620,22450,44474,-22024,-497934,0.5
1900-01-22 04:29:00,7909.5,823475,7910.0,105668,5150,15000,-9850,717807,0.5
1900-01-22 04:29:15,7909.5,614182,7910.0,692045,33362,33820,-458,-77863,0.5
1900-01-22 04:29:30,7909.5,1031843,7910.0,38153,7704,2000,5704,993690,0.5
1900-01-22 04:29:45,7910.5,868318,7911.0,3380,47450,6000,41450,864938,0.5
1900-01-22 04:30:00,7918.0,427577,7918.5,35183,365916,5610,360306,392394,0.5
1900-01-22 04:30:15,7921.0,799601,7921.5,645679,359078,40040,319038,153922,0.5
1900-01-22 04:30:30,7926.0,706066,7926.5,349885,683294,22924,660370,356181,0.5
1900-01-22 04:30:45,7926.5,1018866,7927.0,684008,72156,29464,42692,334858,0.5
1900-01-22 04:31:00,7928.5,1138219,7929.0,271545,215518,12800,202718,866674,0.5
1900-01-22 04:31:15,7929.5,1672532,7930.0,83793,483488,24000,459488,1588739,0.5
1900-01-22 04:31:30,7933.0,1091027,7933.5,483947,358288,40066,318222,607080,0.5
1900-01-22 04:31:45,7937.5,839232,7938.0,544299,144478,36046,108432,294933,0.5
1900-01-22 04:32:00,7935.0,27082,7935.5,340449,48950,288792,-239842,-313367,0.5
1900-01-22 04:32:15,7932.5,436284,7933.0,927308,124916,556758,-431842,-491024,0.5
1900-01-22 04:32:30,7932.5,191945,7933.0,982319,124916,17758,107158,-790374,0.5
1900-01-22 04:32:45,7934.0,234141,7934.5,87,78130,313620,-235490,234054,0.5
1900-01-22 04:33:00,7937.0,1087099,7937.5,2391,177636,30540,147096,1084708,0.5
1900-01-22 04:33:15,7937.5,448881,7938.0,584358,423992,9302,414690,-135477,0.5
1900-01-22 04:33:30,7939.0,1403764,7939.5,213487,330034,9836,320198,1190277,0.5
1900-01-22 04:33:45,7941.0,513487,7941.5,461132,358728,10624,348104,52355,0.5
1900-01-22 04:34:00,7938.5,774583,7939.0,285143,33878,61206,-27328,489440,0.5
1900-01-22 04:34:15,7938.5,818942,7939.0,162465,141634,57192,84442,656477,0.5
1900-01-22 04:34:30,7938.5,1438997,7939.0,24310,277574,15910,261664,1414687,0.5
1900-01-22 04:34:45,7939.0,1009413,7939.5,2633,328070,13948,314122,1006780,0.5
1900-01-22 04:35:00,7944.5,150231,7945.0,789495,38208,32514,5694,-639264,0.5
1900-01-22 04:35:15,7944.5,25738,7945.0,1277117,7124,53062,-45938,-1251379,0.5
1900-01-22 04:35:30,7940.0,1609,7940.5,1357374,42,105464,-105422,-1355765,0.5
1900-01-22 04:35:45,7939.0,3007,7939.5,644752,6500,162100,-155600,-641745,0.5
1900-01-22 04:36:00,7935.0,826724,7935.5,534644,36760,62320,-25560,292080,0.5
1900-01-22 04:36:15,7935.0,1125699,7935.5,84418,65754,53054,12700,1041281,0.5
1900-01-22 04:36:30,7935.0,973713,7935.5,600715,99382,132622,-33240,372998,0.5
1900-01-22 04:36:45,7935.0,956844,7935.5,230614,26308,4202,22106,726230,0.5
1900-01-22 04:37:00,7936.5,1302427,7937.0,30229,127864,2154,125710,1272198,0.5
1900-01-22 04:37:15,7937.5,1369800,7938.0,145865,73554,600,72954,1223935,0.5
1900-01-22 04:37:30,7937.5,1631670,7938.0,255333,151684,2002,149682,1376337,0.5
1900-01-22 04:37:45,7939.5,889709,7940.0,190686,25038,20910,4128,699023,0.5
1900-01-22 04:38:00,7934.5,42485,7935.0,449651,50136,22064,28072,-407166,0.5
1900-01-22 04:38:15,7930.0,1246485,7930.5,338960,220618,221148,-530,907525,0.5
1900-01-22 04:38:30,7930.0,1515320,7930.5,80634,17044,65366,-48322,1434686,0.5
1900-01-22 04:38:45,7930.0,482492,7930.5,648358,35564,65366,-29802,-165866,0.5
1900-01-22 04:39:00,7930.0,891262,7930.5,308504,79274,75930,3344,582758,0.5
1900-01-22 04:39:15,7928.5,78351,7929.0,1282105,14000,112546,-98546,-1203754,0.5
1900-01-22 04:39:30,7928.0,23154,7928.5,873693,81438,30188,51250,-850539,0.5
1900-01-22 04:39:45,7926.0,9977,7926.5,650058,14790,23296,-8506,-640081,0.5
1900-01-22 04:40:00,7925.5,119715,7926.0,905032,248,19054,-18806,-785317,0.5
1900-01-22 04:40:15,7925.5,801376,7926.0,222804,110598,34692,75906,578572,0.5
1900-01-22 04:40:30,7925.0,287137,7925.5,658421,2100,32176,-30076,-371284,0.5
1900-01-22 04:40:45,7926.0,1246296,7926.5,52318,9018,33330,-24312,1193978,0.5
1900-01-22 04:41:00,7926.0,1146924,7926.5,331754,77028,288938,-211910,815170,0.5
1900-01-22 04:41:15,7926.0,720404,7926.5,344128,22462,476,21986,376276,0.5
1900-01-22 04:41:30,7926.0,602931,7926.5,624328,22462,38800,-16338,-21397,0.5
1900-01-22 04:41:45,7926.0,515700,7926.5,757761,12200,35040,-22840,-242061,0.5
1900-01-22 04:42:00,7920.0,32631,7920.5,689498,28072,927022,-898950,-656867,0.5
1900-01-22 04:42:15,7918.0,1220734,7918.5,27137,52906,66452,-13546,1193597,0.5
1900-01-22 04:42:30,7918.0,1055798,7918.5,15577,21770,92440,-70670,1040221,0.5
1900-01-22 04:42:45,7921.5,835785,7922.0,5523,25488,27478,-1990,830262,0.5
1900-01-22 04:43:00,7925.0,1092702,7925.5,302108,205698,18162,187536,790594,0.5
1900-01-22 04:43:15,7925.5,798557,7926.0,399,33580,5200,28380,798158,0.5
1900-01-22 04:43:30,7931.5,811560,7932.0,204970,131684,34,131650,606590,0.5
1900-01-22 04:43:45,7931.5,470369,7932.0,411033,15724,11254,4470,59336,0.5
1900-01-22 04:44:00,7928.5,4019,7929.0,616545,17074,204310,-187236,-612526,0.5
1900-01-22 04:44:15,7926.5,15417,7927.0,665181,3200,42502,-39302,-649764,0.5
1900-01-22 04:44:30,7925.5,1527429,7926.0,2045,694,73784,-73090,1525384,0.5
1900-01-22 04:44:45,7926.0,986924,7926.5,43515,5256,1586,3670,943409,0.5
1900-01-22 04:45:00,7926.0,1260317,7926.5,583518,9442,17328,-7886,676799,0.5
1900-01-22 04:45:15,7926.0,1458355,7926.5,142046,74634,16216,58418,1316309,0.5
1900-01-22 04:45:30,7926.0,263576,7926.5,543599,18372,160000,-141628,-280023,0.5
1900-01-22 04:45:45,7925.5,20206,7926.0,748392,5360,142042,-136682,-728186,0.5
1900-01-22 04:46:00,7923.5,12213,7924.0,551392,59752,580400,-520648,-539179,0.5
1900-01-22 04:46:15,7920.0,812552,7920.5,284346,15980,167280,-151300,528206,0.5
1900-01-22 04:46:30,7920.0,1053629,7920.5,301480,54476,4444,50032,752149,0.5
1900-01-22 04:46:45,7920.0,1090710,7920.5,60780,55954,79000,-23046,1029930,0.5
1900-01-22 04:47:00,7920.5,967292,7921.0,506192,30708,280,30428,461100,0.5
1900-01-22 04:47:15,7920.5,795022,7921.0,435765,22014,29450,-7436,359257,0.5
1900-01-22 04:47:30,7920.5,872310,7921.0,470220,65620,29450,36170,402090,0.5
1900-01-22 04:47:45,7920.5,1214254,7921.0,77929,7212,5000,2212,1136325,0.5
1900-01-22 04:48:00,7920.5,618443,7921.0,285053,1650,40,1610,333390,0.5
1900-01-22 04:48:15,7920.5,294729,7921.0,668663,3600,41018,-37418,-373934,0.5
1900-01-22 04:48:30,7920.5,286089,7921.0,661395,1000,34000,-33000,-375306,0.5
1900-01-22 04:48:45,7920.5,313930,7921.0,673143,7464,20502,-13038,-359213,0.5
1900-01-22 04:49:00,7920.5,221615,7921.0,743233,6402,171644,-165242,-521618,0.5
1900-01-22 04:49:15,7910.5,523809,7911.0,28246,16534,391670,-375136,495563,0.5
1900-01-22 04:49:30,7910.0,2229,7910.5,249718,74418,164870,-90452,-247489,0.5
1900-01-22 04:49:45,7909.5,588703,7910.0,568183,28320,117540,-89220,20520,0.5
1900-01-22 04:50:00,7904.5,331243,7905.0,619871,40242,172952,-132710,-288628,0.5
1900-01-22 04:50:15,7901.5,490422,7902.0,433931,337552,133192,204360,56491,0.5
1900-01-22 04:50:30,7899.0,25874,7899.5,855236,15852,475370,-459518,-829362,0.5
1900-01-22 04:50:45,7893.5,150687,7894.0,939089,554,668982,-668428,-788402,0.5
1900-01-22 04:51:00,7899.5,481550,7900.0,170236,506358,574178,-67820,311314,0.5
1900-01-22 04:51:15,7897.5,45405,7898.0,989838,213102,97786,115316,-944433,0.5
1900-01-22 04:51:30,7893.5,47518,7894.0,1176968,24102,65902,-41800,-1129450,0.5
1900-01-22 04:51:45,7893.0,31997,7893.5,1438735,3500,119058,-115558,-1406738,0.5
1900-01-22 04:52:00,7892.0,157048,7892.5,1279195,51560,217878,-166318,-1122147,0.5
1900-01-22 04:52:15,7891.5,832862,7892.0,135735,256610,234718,21892,697127,0.5
1900-01-22 04:52:30,7891.5,248313,7892.0,1347844,65886,207648,-141762,-1099531,0.5
1900-01-22 04:52:45,7891.5,176431,7892.0,1688194,20428,504292,-483864,-1511763,0.5
1900-01-22 04:53:00,7879.5,1843650,7880.0,64064,284612,1125896,-841284,1779586,0.5
1900-01-22 04:53:15,7883.0,333506,7883.5,931329,129670,365286,-235616,-597823,0.5
1900-01-22 04:53:30,7879.5,65120,7880.0,990017,24774,3343790,-3319016,-924897,0.5
1900-01-22 04:53:45,7874.0,5936,7874.5,951751,54766,651202,-596436,-945815,0.5
1900-01-22 04:54:00,7872.5,553847,7873.0,525852,2321822,197544,2124278,27995,0.5
1900-01-22 04:54:15,7874.0,564184,7874.5,81454,1028954,69058,959896,482730,0.5
1900-01-22 04:54:30,7879.0,443744,7879.5,246273,457946,15218,442728,197471,0.5
1900-01-22 04:54:45,7872.5,865198,7873.0,412940,251054,265512,-14458,452258,0.5
1900-01-22 04:55:00,7877.5,691155,7878.0,159472,127354,42770,84584,531683,0.5
1900-01-22 04:55:15,7883.0,883504,7883.5,157428,356766,48558,308208,726076,0.5
1900-01-22 04:55:30,7886.0,889630,7886.5,124102,301710,48500,253210,765528,0.5
1900-01-22 04:55:45,7885.0,571056,7885.5,303333,55464,331442,-275978,267723,0.5
1900-01-22 04:56:00,7888.0,1035529,7888.5,37592,286742,130760,155982,997937,0.5
1900-01-22 04:56:15,7892.0,1054432,7892.5,61297,242952,76568,166384,993135,0.5
1900-01-22 04:56:30,7893.0,1081180,7893.5,18968,163988,31140,132848,1062212,0.5
1900-01-22 04:56:45,7893.5,953196,7894.0,24841,240318,181770,58548,928355,0.5
1900-01-22 04:57:00,7894.5,967621,7895.0,11944,241856,130346,111510,955677,0.5
1900-01-22 04:57:15,7900.5,99640,7901.0,253749,353100,612650,-259550,-154109,0.5
1900-01-22 04:57:30,7910.0,135374,7910.5,28316,657276,3884,653392,107058,0.5
1900-01-22 04:57:45,7906.0,3348263,7906.5,806762,274698,458052,-183354,2541501,0.5
1900-01-22 04:58:00,7904.5,1146,7905.0,27645,100784,225862,-125078,-26499,0.5
1900-01-22 04:58:15,7897.5,338361,7898.0,749473,34412,906630,-872218,-411112,0.5
1900-01-22 04:58:30,7892.0,201955,7892.5,558971,200,831754,-831554,-357016,0.5
1900-01-22 04:58:45,7897.5,1036215,7898.0,572847,101100,34226,66874,463368,0.5
1900-01-22 04:59:00,7897.5,818511,7898.0,614071,47368,1200,46168,204440,0.5
1900-01-22 04:59:15,7897.5,639982,7898.0,1234719,64544,49956,14588,-594737,0.5
1900-01-22 04:59:30,7897.5,636354,7898.0,1271232,64544,66628,-2084,-634878,0.5
1900-01-22 04:59:45,7897.5,649102,7898.0,1279392,1036,30002,-28966,-630290,0.5
1900-01-22 05:00:00,7897.5,91735,7898.0,379337,61840,717990,-656150,-287602,0.5
1900-01-22 05:00:15,7897.5,578145,7898.0,84562,97290,213062,-115772,493583,0.5
1900-01-22 05:00:30,7898.0,390691,7898.5,962,232982,664,232318,389729,0.5
1900-01-22 05:00:45,7906.0,145736,7906.5,1186662,50068,48608,1460,-1040926,0.5
1900-01-22 05:01:00,7906.0,703879,7906.5,48275,100642,297602,-196960,655604,0.5
1900-01-22 05:01:15,7907.0,58145,7907.5,1088768,57518,3002,54516,-1030623,0.5
1900-01-22 05:01:30,7905.0,16275,7905.5,1275057,3000,48254,-45254,-1258782,0.5
1900-01-22 05:01:45,7900.0,3534,7900.5,255280,300,173088,-172788,-251746,0.5
1900-01-22 05:02:00,7897.5,4359,7898.0,1344599,23598,73688,-50090,-1340240,0.5
1900-01-22 05:02:15,7888.5,10,7889.0,113338,61514,55346,6168,-113328,0.5
1900-01-22 05:02:30,7890.5,20000,7891.0,8594,283370,97092,186278,11406,0.5
1900-01-22 05:02:45,7889.5,113,7890.0,372058,57400,37132,20268,-371945,0.5
1900-01-22 05:03:00,7883.0,141431,7883.5,842478,38108,89498,-51390,-701047,0.5
1900-01-22 05:03:15,7880.5,551155,7881.0,567848,19728,263828,-244100,-16693,0.5
1900-01-22 05:03:30,7880.5,200263,7881.0,402837,1704,569800,-568096,-202574,0.5
1900-01-22 05:03:45,7877.0,255568,7877.5,339177,15562,229606,-214044,-83609,0.5
1900-01-22 05:04:00,7878.0,672183,7878.5,293979,233834,83112,150722,378204,0.5
1900-01-22 05:04:15,7871.0,178148,7871.5,511695,17714,300546,-282832,-333547,0.5
1900-01-22 05:04:30,7863.0,138345,7863.5,420158,49834,1011578,-961744,-281813,0.5
1900-01-22 05:04:45,7866.0,1270,7866.5,140546,356832,99082,257750,-139276,0.5
1900-01-22 05:05:00,7856.0,14975,7856.5,395600,171644,1046622,-874978,-380625,0.5
1900-01-22 05:05:15,7856.0,167114,7856.5,6366,408900,578774,-169874,160748,0.5
1900-01-22 05:05:30,7883.0,30619,7883.5,29163,575772,52602,523170,1456,0.5
1900-01-22 05:05:45,7873.5,677,7874.0,74548,260696,233852,26844,-73871,0.5
1900-01-22 05:06:00,7865.5,378653,7866.0,311384,88998,94128,-5130,67269,0.5
1900-01-22 05:06:15,7865.5,58571,7866.0,735120,40038,188938,-148900,-676549,0.5
1900-01-22 05:06:30,7850.5,38900,7851.0,23128,205464,409042,-203578,15772,0.5
1900-01-22 05:06:45,7844.0,691328,7844.5,169131,68104,794800,-726696,522197,0.5
1900-01-22 05:07:00,7859.0,508259,7859.5,432827,846822,698708,148114,75432,0.5
1900-01-22 05:07:15,7861.5,1033917,7862.0,120685,768676,161440,607236,913232,0.5
1900-01-22 05:07:30,7863.0,417294,7863.5,557724,375182,433456,-58274,-140430,0.5
1900-01-22 05:07:45,7851.0,16752,7851.5,359694,38678,682796,-644118,-342942,0.5
1900-01-22 05:08:00,7860.0,478533,7860.5,455554,134778,400392,-265614,22979,0.5
1900-01-22 05:08:15,7860.0,91278,7860.5,831557,273612,343398,-69786,-740279,0.5
1900-01-22 05:08:30,7859.0,588,7859.5,837481,115284,114968,316,-836893,0.5
1900-01-22 05:08:45,7849.0,3909,7849.5,391842,112410,199398,-86988,-387933,0.5
1900-01-22 05:09:00,7849.0,31804,7849.5,27053,128584,1243302,-1114718,4751,0.5
1900-01-22 05:09:15,7855.0,112694,7855.5,90760,243216,464850,-221634,21934,0.5
1900-01-22 05:09:30,7853.0,88045,7853.5,175729,159254,289872,-130618,-87684,0.5
1900-01-22 05:09:45,7857.5,425735,7858.0,2188,260220,271034,-10814,423547,0.5
1900-01-22 05:10:00,7864.0,305942,7864.5,49,227248,26008,201240,305893,0.5
1900-01-22 05:10:15,7865.0,323815,7865.5,62498,438050,224464,213586,261317,0.5
1900-01-22 05:10:30,7867.0,98344,7867.5,870690,249914,18530,231384,-772346,0.5
1900-01-22 05:10:45,7863.0,692,7863.5,445817,140164,78926,61238,-445125,0.5
1900-01-22 05:11:00,7860.0,1114368,7860.5,102188,39422,111226,-71804,1012180,0.5
1900-01-22 05:11:15,7871.5,148563,7872.0,64,205910,19878,186032,148499,0.5
1900-01-22 05:11:30,7876.0,825376,7876.5,6445,291730,66948,224782,818931,0.5
1900-01-22 05:11:45,7878.0,139248,7878.5,638482,248526,451384,-202858,-499234,0.5
1900-01-22 05:12:00,7878.0,861390,7878.5,3264,73186,80648,-7462,858126,0.5
1900-01-22 05:12:15,7881.5,354564,7882.0,632622,286088,64196,221892,-278058,0.5
1900-01-22 05:12:30,7883.5,792343,7884.0,86276,174698,65602,109096,706067,0.5
1900-01-22 05:12:45,7887.5,100122,7888.0,115258,230034,122600,107434,-15136,0.5
1900-01-22 05:13:00,7878.0,22709,7878.5,418978,125720,95626,30094,-396269,0.5
1900-01-22 05:13:15,7876.5,551494,7877.0,42838,337106,155026,182080,508656,0.5
1900-01-22 05:13:30,7876.5,841976,7877.0,39093,70696,279774,-209078,802883,0.5
1900-01-22 05:13:45,7876.5,560,7877.0,821525,16704,295096,-278392,-820965,0.5
1900-01-22 05:14:00,7872.5,941774,7873.0,122676,34772,483194,-448422,819098,0.5
1900-01-22 05:14:15,7865.5,13951,7866.0,454523,84412,125782,-41370,-440572,0.5
1900-01-22 05:14:30,7869.0,405902,7869.5,376363,49542,89488,-39946,29539,0.5
1900-01-22 05:14:45,7874.0,1088551,7874.5,335,89610,133096,-43486,1088216,0.5
1900-01-22 05:15:00,7878.0,2309,7878.5,584482,163496,35430,128066,-582173,0.5
1900-01-22 05:15:15,7870.5,808493,7871.0,182982,67794,121098,-53304,625511,0.5
1900-01-22 05:15:30,7865.5,651887,7866.0,121432,21778,105244,-83466,530455,0.5
1900-01-22 05:15:45,7870.5,130525,7871.0,54332,75682,79212,-3530,76193,0.5
1900-01-22 05:16:00,7873.5,220546,7874.0,20261,92046,65472,26574,200285,0.5
1900-01-22 05:16:15,7878.0,275280,7878.5,584319,126992,57560,69432,-309039,0.5
1900-01-22 05:16:30,7877.0,1195305,7877.5,18600,36552,116580,-80028,1176705,0.5
1900-01-22 05:16:45,7878.0,42250,7878.5,2216,42600,10706,31894,40034,0.5
1900-01-22 05:17:00,7880.0,470146,7880.5,670326,201004,43112,157892,-200180,0.5
1900-01-22 05:17:15,7884.5,801278,7885.0,166634,51788,11906,39882,634644,0.5
1900-01-22 05:17:30,7896.5,110071,7897.0,188651,377368,12900,364468,-78580,0.5
1900-01-22 05:17:45,7891.5,58006,7892.0,759818,217134,464834,-247700,-701812,0.5
1900-01-22 05:18:00,7893.0,319459,7893.5,544851,219304,25558,193746,-225392,0.5
1900-01-22 05:18:15,7893.0,1063641,7893.5,141602,141600,84490,57110,922039,0.5
1900-01-22 05:18:30,7893.0,156097,7893.5,592799,65776,39780,25996,-436702,0.5
1900-01-22 05:18:45,7885.5,723234,7886.0,228324,29164,212822,-183658,494910,0.5
1900-01-22 05:19:00,7885.5,324362,7886.0,587696,55958,156026,-100068,-263334,0.5
1900-01-22 05:19:15,7888.0,98798,7888.5,663875,59662,51088,8574,-565077,0.5
1900-01-22 05:19:30,7888.0,53656,7888.5,634256,3400,70686,-67286,-580600,0.5
1900-01-22 05:19:45,7879.5,316516,7880.0,444020,46936,179926,-132990,-127504,0.5
1900-01-22 05:20:00,7876.5,30659,7877.0,847243,14902,74514,-59612,-816584,0.5
1900-01-22 05:20:15,7878.5,160630,7879.0,543189,145868,57892,87976,-382559,0.5
